%# -*- coding: utf-8-unix -*-

// books

@book{yuli2002,
  title={鲁棒控制: 线性矩阵不等式处理方法},
  author={俞立 and 陈国定 and 杨马英},
  year={2002},
  publisher={清华大学出版社},
  address={北京},
}


@book{Fossen2002Marine,
  title={Marine Control Systems: Guidance, Navigation, and Control of Ships, Rigs and Underwater Vehicles},
  author={Fossen, Thor I},
  publisher={John Wiley \& Sons Inc},
  year={2002},
  address ={Chichester}
}

@book{fossen1994guidance,
  title={Guidance and control of ocean vehicles},
  author={Fossen, Thor I},
  year={1994},
  publisher={John Wiley \& Sons Inc},
  address ={Chichester}

}

@book{fossen2011handbook,
  title={Handbook of marine craft hydrodynamics and motion control},
  author={Fossen, Thor I},
  year={2011},
  publisher={John Wiley \& Sons},
  address = {Chichester},
}

@book{Mcconaghy2008Genetic,
  title={Genetic Programming Theory and Practice VII},
  author={Mcconaghy, Trent and Mcconaghy, Trent and Mcconaghy, Trent},
  year={2008},
  publisher ={Springer},
  address={New York,USA}
}

@book{yuanchuan2001submarine,
  title={{潜艇和深潜器的现代操纵理论与应用}},
  author={{孙元泉} and {马运义} and {邓志纯}},
  year={2001},
  publisher={国防工业出版社},
  type ={M},
  address ={北京},
}


@book{Ioannou2012,
author = {Ioannou, Petros and Baldi, Simone},
year = {2012},
title = {Robust Adaptive Control},
publisher ={Dover Publications},
address={Mineola, New York},
}



@book{lavretsky2013robust,
  title={Robust and Adaptive Control with Aerospace Applications},
  author={Lavretsky, Eugene and Wise, Kevin A.},
  publisher={Springer},
  year={2013},
  address ={ London},
}

@book{fantoni2002non,
  title={Non-linear control for underactuated mechanical systems},
  author={Fantoni, Isabelle and Lozano, Rogelio},
  year={2002},
  publisher={Springer-Verlag London Limited },
  address={London},
}


@book{hovakimyan2010L1,
  title={$L_{1}$ Adaptive Control Theory: Guaranteed Robustness with Fast Adaptation},
  author={Hovakimyan, Naira and Cao, Chengyu},
  year={2010},
  publisher={SIAM},
  address ={Philadelphia,USA}
}

@book{richter2016polynomial,
  title={Polynomial Trajectory Planning for Aggressive Quadrotor Flight in Dense Indoor Environments},
  author={Richter, Charles and Bry, Adam and Roy, Nicholas},
  publisher={Springer International Publishing},
  year={2016},
  address={Cham, Switzerland}
}

@book{sutton1998reinforcement,
  title={Reinforcement learning: An introduction},
  author={Sutton, Richard S and Barto, Andrew G},
  year={1998},
  publisher={MIT press},
  address = {Cambridge, MA}
}


@book{Borst1985Fluid,
  title={Fluid-dynamic lift},
  author={Hoerner, Sighard F and Borst, Henry V},
  publisher={LA Hoerner},
  year={1985},
  address={Brick Town, NJ, USA},
}


@book{friedman2001elements,
  title={The elements of statistical learning},
  author={Friedman, Jerome and Hastie, Trevor and Tibshirani, Robert},
  volume={1},
  year={2001},
  publisher={Springer series in statistics},
  address={New York},
}

@book{lamb1932hydrodynamics,
  title={Hydrodynamics},
  author={Lamb, Horace},
  year={2015},
  publisher={Dover Publications},
  address={Mineola, New York},
}

@book{bertram2012practical,
  title={Practical ship hydrodynamics},
  author={Bertram, Volker},
  year={2012},
  publisher={Elsevier},
  address={Butterworth-Heinemann},

}

@book{shishengda1995submarine,
  title={{潜艇操纵性}},
  author={施生达},
  year={1995},
  publisher={国防工业出版社},
  type ={M},
  address ={北京},
}



////////////////////////////////////////////////////////////
// thesis


@mastersthesis{haugen2012modeling,
  title={Modeling and Control of ROV Manipulator},
  author={Haugen, Morten},
  year={2012},
  school={Institutt for marin teknikk}
}

@masterthesis{prestero2001verification,
  title={Verification of a six-degree of freedom simulation model for the REMUS autonomous underwater vehicle},
  author={Prestero, Timothy Timothy Jason},
  year={2001},
  school={Massachusetts institute of technology}
}

@mastersthesis{holhjem2012l1,
  title={$L_{1}$ Adaptive Control of the Inner Control Loops of an F-16 Aircraft},
  author={Holhjem, {\O}ystein Hov},
  year={2012},
  school={Institutt for teknisk kybernetikk}
}

@phdthesis{leman2010l1,
  title={$L_{1}$ adaptive control augmentation system for the X-48B aircraft},
  author={Leman, Tyler J and Xargay, Enric and Dullerud, Geir and Hovakimyan, Naira and Wendel, Thomas},
  year={2010},
  school={University of Illinois}
}

@masterthesis{valladarez2015adaptive,
  title={An adaptive approach for precise underwater vehicle control in combined robot-diver operations},
  author={Valladarez, Nicholas D},
  year={2015},
  school={Monterey, California: Naval Postgraduate School}
}

@mastersthesis{xu2005simulation,
  title={深海潜器的动力学仿真分析与可视化监视软件设计},
  author={徐, 刚},
  year={2005},
  school={上海交通大学},
}

@phdthesis{yangke2014,
  title={水下自重构机器人游走仿生混合运动研究},
  author={杨柯},
  year={2014},
  school={上海交通大学}
}

@phdthesis{wangbiao2016,
  title={深海 FROV 自修复控制系统研究},
  author={王彪},
  year={2015},
  school={上海交通大学}
}


@phdthesis{yangrui2015,
  title={水下机器人建模与鲁棒控制研究},
  author={杨睿},
  year={2015},
  school={中国海洋大学}
}


@mastersthesis{aakre2016development,
  title={Development of a Dynamic Positioning System for Merlin WR200 ROV},
  author={Aakre, {\O}yvind L{\o}berg},
  year={2016},
  school={NTNU}
}

@mastersthesis{oien2016dynamic,
  title={Dynamic Positioning for Small Autonomouse Surface Vessels},
  author={{\O}ien, Stein-Inge Torset},
  year={2016},
  school={NTNU}
}

@mastersthesis{knausgaard2013development,
  title={Development of dp system for merlin wr200 rov},
  author={Knausg{\aa}rd, Lasse Muri},
  year={2013},
  school={Institutt for teknisk kybernetikk}
}

@mastersthesis{follestad2017autonomous,
  title={Autonomous Path-Planning and-Following for a Marine Surface Robot},
  author={Follestad, Mats H{\aa}kon},
  year={2017},
  school={NTNU}
}

@mastersthesis{beinset2007controller,
  title={Controller design for an unmanned surface vessel},
  author={Beinset, Geir and Blomhoff, Jarle Saga},
  year={2007},
  school={Master’s thesis, NTNU}
}

@mastersthesis{berg2012development,
  title={Development and Commissioning of a DP system for ROV SF 30k},
  author={Berg, Viktor},
  year={2012},
  school={Institutt for marin teknikk}
}

@mastersthesis{drozdik2015dynamic,
  title={Dynamic Positioning for ROV Operating in Fish Farms},
  author={Drozdik, Ron},
  year={2015},
  school={NTNU}
}

@mastersthesis{lauritzsen2014hardware,
  title={Hardware-in-the-Loop Testing Systems for ROV Control Systems},
  author={Lauritzsen, Martin},
  year={2014},
  school={Institutt for marin teknikk}
}

@mastersthesis{eriksen2015horizontal,
  title={Horizontal collision avoidance for autonomous underwater vehicles},
  author={Eriksen, Bj{\o}rn-Olav Holtung},
  year={2015},
  school={NTNU}
}

@mastersthesis{eidsvik2015identification,
  title={Identification of hydrodynamic parameters for remotely operated vehicles},
  author={Eidsvik, Ole Alexander},
  year={2015},
  school={NTNU}
}

@mastersthesis{elgenes2017underwater,
  title={Underwater Robotics-Fluid Parameter Identification for Modelling of Underwater Snake Robots},
  author={Elgenes, Gard Farstad and Kilv{\ae}r, Henrik},
  year={2017},
  school={NTNU}
}

@phdthesis{maalouf2013contribution,
  title={Contribution to nonlinear adaptive control of low inertia underwater robots},
  author={Maalouf,Divine},
  year={2013},
  school={Université de Montpellier 2 Sciences et Technologies}
}


////////////////////////////////////////////////////////////

// articles and conferences


@article{fossen1991nonlinear,
  title={Nonlinear Modelling and Control of Underwater Vehicles},
  author={Fossen, T I},
  journal={Fakultet for Informasjonsteknologi Matematikk Og Elektroteknikk},
  year={1991},
}

@article{clement2016modeling,
  title={A Modeling and Control approach for a cubic AUV},
  author={Clement, Benoit and Rui, Yang and Mansour, Ali and Ming, Li},
  journal={IFAC-PapersOnLine},
  volume={49},
  number={23},
  pages={279--284},
  year={2016},
  publisher={Elsevier}
}



@article{evans2004dynamics,
  title={Dynamics modeling and performance evaluation of an autonomous underwater vehicle},
  author={Evans, Jason and Nahon, Meyer},
  journal={Ocean Engineering},
  volume={31},
  number={14},
  pages={1835--1858},
  year={2004},
  publisher={Elsevier}
}


@article{Wu2012Hydrodynamic,
  title={Hydrodynamic Characteristics of Tethered Underwater Robot Under Control Manipulations},
  author={Wu, Jia Ming and Cui,Yin and Deng, Wei and Wu, Li and Ma, Zhi quan},
  journal={Journal of South China University of Technology},
  volume={40},
  number={4},
  pages={150-157},
  year={2012},
}

@techreport{jones2002calculation,
  title={The calculation of hydrodynamic coefficients for underwater vehicles},
  author={Jones, David A and Clarke, David B and Brayshaw, Ian B and Barillon, Jean L and Anderson, Brendon},
  year={2002},
  institution={DEFENCE SCIENCE AND TECHNOLOGY ORGANIZATION VICTORIA (AUSTRALIA) PLATFORM SCIENCES LAB}
}

@article{Tang2009Estimation,
  title={Estimation of the hydrodynamic coefficients of the complex-shaped autonomous underwater vehicle TUNA-SAND},
  author={Tang, Sulin and Ura, Tamaki and Nakatani, Takeshi and Thornton, Blair and Jiang, Tao},
  journal={Journal of Marine Science \& Technology},
  volume={14},
  number={3},
  pages={373-386},
  year={2009},
}


@article{wang2015numerical,
  author={Wang，ZY and  Wang，GY and Hu，CL and Cui，ZY},
  title={Numerical investigation on added mass and damping force coefficient of an underwater vehicle in cavitating flows},
  journal={IOP Conference Series: Materials Science and Engineering},
  volume={72},
  number={6},
  pages={062057},
  year={2015},
}

@article{perrault2003sensitivity,
  title={Sensitivity of AUV added mass coefficients to variations in hull and control plane geometry},
  author={Perrault, Doug and Bose, Neil and O’Young, Siu and Williams, Christopher D},
  journal={Ocean engineering},
  volume={30},
  number={5},
  pages={645--671},
  year={2003},
  publisher={Elsevier}
}

@article{eng2014added,
  title={Added mass computation for control of an open-frame remotely-operated vehicle: Application using WAMIT and MATLAB},
  author={Eng, You-Hong and Chin, Cheng-Siong and Lau, Michael Wai-Shing},
  journal={Journal of Marine Science and Technology},
  volume={22},
  number={4},
  pages={405--416},
  year={2014},
  publisher={}
}

@inproceedings{yang2014modeling,
  author={Yang, Rui and Clement, Benoit and Mansour, Ali and Li, HJ and Li, Ming and Wu, NL},
  booktitle={2014 IEEE International Conference on Autonomous Robot Systems and Competitions (ICARSC)},
  title={Modeling of a complex-shaped underwater vehicle},
  year={2014},
  pages={36-41},
  month={May},
  publisher ={IEEE},
  address ={Espinho, Portugal}
}

@article{yang2015modeling,
  title={Modeling of a complex-shaped underwater vehicle for robust control scheme},
  author={Yang, Rui and Clement, Benoit and Mansour, Ali and Li, Ming and Wu, Nailong},
  journal={Journal of Intelligent \& Robotic Systems},
  volume={80},
  number={3-4},
  pages={491--506},
  year={2015},
  publisher={Springer Science \& Business Media}
}

@inproceedings{yang2015robust,
  title={Robust heading control and its application to Ciscrea Underwater Vehicle},
  author={Yang, Rui and Clement, Benoit and Mansour, Ali and Li, HJ and Li, Ming},
  booktitle={OCEANS},
  pages={1--6},
  year={2015},
  publisher={IEEE},
  address ={Genoa, Italy}
}


@article{wan2017CFD,
  title={基于CFD的船舶横摇数值模拟与粘性效应分析},
  author={罗天 and 万德成},
  journal={中国舰船研究},
  volume={12},
  number={2},
  year={2017},
  pages={1--12},
  publisher={},
}

@article{wang2001rovcfd,
  title={一种新型潜水装置的水动力特性分析},
  author={汪淳 and 葛彤 and 朱继懋},
  journal={上海交通大学学报},
  volume={35},
  number={10},
  year={2001},
  pages={1547--1551},
  publisher={},
}

@techreport{bottaccini1954stablity,
  title={The stability coefficients of standard torpedoes},
  author={Bottaccini, M R},
  year={1954},
  institution={NAVORD Report 3346, U.S. Naval Ordnance Test Station},
  address={China Lake, CA}
}

@techreport{John1978Methods,
  title={Methods for predicting submersible hydrodynamic characteristics},
  author={Fidler, J E and Smith C A},
  year={1978},
  institution={Report NCSC TM-238-78, Naval Coastal Systems Laboratory},
  address={Panama City, FL},
}


@article{li2005design,
  title={Design of an adaptive nonlinear controller for depth control of an autonomous underwater vehicle},
  author={Li, Ji-Hong and Lee, Pan-Mook},
  journal={Ocean engineering},
  volume={32},
  number={17},
  pages={2165--2181},
  year={2005},
  publisher={Elsevier},
}

@article{jun2009development,
  title={Development of the AUV ‘ISiMI’and a free running test in an Ocean Engineering Basin},
  author={Jun, Bong-Huan and Park, Jin-Yeong and Lee, Fill-Youb and Lee, Pan-Mook and Lee, Chong-Moo and Kim, Kihun and Lim, Young-Kon and Oh, Jun-Ho},
  journal={Ocean engineering},
  volume={36},
  number={1},
  pages={2--14},
  year={2009},
  publisher={Elsevier},
}

@article{garcia2014modelling,
  title={Modelling, design and robust control of a remotely operated underwater vehicle},
  author={Garc{\'\i}a-Valdovinos, Luis Govinda and Salgado-Jim{\'e}nez, Tom{\'a}s and Bandala-S{\'a}nchez, Manuel and Nava-Balanzar, Luciano and Hern{\'a}ndez-Alvarado, Rodrigo and Cruz-Ledesma, Jos{\'e} Antonio},
  journal={International Journal of Advanced Robotic Systems},
  volume={11},
  number={1},
  pages={1--16},
  year={2014},
  publisher={SAGE Publications Sage UK: London, England}
}



/////////////////////////////////////////////////////////////////////////
// 侧线

@inproceedings{muhammad2015flow,
  title={Flow feature extraction for underwater robot localization: Preliminary results},
  author={Muhammad, Naveed and Strokina, Nataliya and Toming, Gert and Tuhtan, Jeffrey and K{\"a}m{\"a}r{\"a}inen, Joni-Kristian and Kruusmaa, Maarja},
  booktitle={Robotics and Automation (ICRA), 2015 IEEE International Conference on},
  pages={1125--1130},
  year={2015},
  address={Seattle,Washington},
  publisher={IEEE},
}


@inproceedings{bouffanais2010hydrodynamic,
  title={Hydrodynamic object recognition using pressure sensing},
  author={Bouffanais, Roland and Weymouth, Gabriel D and Yue, Dick KP},
  booktitle={Proceedings of the Royal Society of London A: Mathematical, Physical and Engineering Sciences},
  pages={19-38},
  year={2010},
  publisher = {The Royal Society},
  address ={London}
}


@article{tagliaferri2015wind,
  title={Wind direction forecasting with artificial neural networks and support vector machines},
  author={Tagliaferri, F and Viola, IM and Flay, RGJ},
  journal={Ocean Engineering},
  volume={97},
  pages={65--73},
  year={2015},
  publisher={Elsevier}
}


@inproceedings{franosch2010biomimetic,
  title={Biomimetic lateral-line system for underwater vehicles},
  author={Franosch, Jan-Moritz P and Sosnowski, Stefan and Chami, Nader Kuhenuri and K{\"u}hnlenz, Kolja and Hirche, Sandra and van Hemmen, J Leo},
  booktitle={Sensors},
  pages={2212--2217},
  year={2010},
  publisher={IEEE},
  address = {Waikoloa, HI}
}

@article{abdulsadda2012artificial,
  title={An artificial lateral line system using IPMC sensor arrays},
  author={Abdulsadda, Ahmad T and Tan, Xiaobo},
  journal={International Journal of Smart and Nano Materials},
  volume={3},
  number={3},
  pages={226--242},
  year={2012},
  publisher={Taylor \& Francis}
}

@article{yang2010artificial,
  title={Artificial lateral line with biomimetic neuromasts to emulate fish sensing},
  author={Yang, Yingchen and Nguyen, Nam and Chen, Nannan and Lockwood, Michael and Tucker, Craig and Hu, Huan and Bleckmann, Horst and Liu, Chang and Jones, Douglas L},
  journal={Bioinspiration \& biomimetics},
  volume={5},
  number={1},
  pages={016001},
  year={2010},
  publisher={IOP Publishing}
}

@inproceedings{jung2013flow,
  title={Flow-aided path following of an underwater robot},
  author={Jung, David S and Pott, Peter P and Salum{\"a}e, Taavi and Kruusmaa, Maarja},
  booktitle={IEEE International Conference on Robotics and Automation},
  pages={4602--4607},
  year={2013},
  publisher={IEEE},
  address={Karlsruhe, Germany}
}

@article{Wu2016lateralline,
  title={{基于鱼类体线感知机理的水下机器人水流场识别研究}},
  author={吴乃龙 and 吴超 and 葛彤 and 王涛 and 张亚},
  journal={机械工程学报},
  volume ={52},
  number={13},
  pages={54--59},
  year={2016},
  type ={J},
}


@article{abdulsadda2013underwater,
  title={Underwater tracking of a moving dipole source using an artificial lateral line: algorithm and experimental validation with ionic polymer--metal composite flow sensors},
  author={Abdulsadda, Ahmad T and Tan, Xiaobo},
  journal={Smart Materials and Structures},
  volume={22},
  number={4},
  pages={045010},
  year={2013},
  publisher={IOP Publishing}
}

@article{ren2012model,
  title={A model of the lateral line of fish for vortex sensing},
  author={Ren, Zheng and Mohseni, Kamran},
  journal={Bioinspiration \& biomimetics},
  volume={7},
  number={3},
  pages={036016},
  year={2012},
  publisher={IOP Publishing}
}

@article{fan2002design,
  title={Design and fabrication of artificial lateral line flow sensors},
  author={Fan, Zhifang and Chen, Jack and Zou, Jun and Bullen, David and Liu, Chang and Delcomyn, Fred},
  journal={Journal of Micromechanics and Microengineering},
  volume={12},
  number={5},
  pages={655-661},
  year={2002},
  publisher={IOP Publishing}
}

@article{huang2015trends,
  title={Trends in extreme learning machines: A review},
  author={Huang, Gao and Huang, Guang-Bin and Song, Shiji and You, Keyou},
  journal={Neural Networks},
  volume={61},
  pages={32--48},
  year={2015},
  publisher={Elsevier}
}


@article{verschure2003environmentally,
  title={Environmentally mediated synergy between perception and behaviour in mobile robots},
  author={Verschure, Paul FMJ and Voegtlin, Thomas and Douglas, Rodney J},
  journal={Nature},
  volume={425},
  number={6958},
  pages={620--624},
  year={2003},
  publisher={Nature Publishing Group}
}


@article{liu2012support,
  title={Support vector machine-based ECG beats automatic diagnosis system},
  author={Liu, Zunxiong and Shi, Fei and Zheng, Shujuan and Zhang, Xianlong},
  journal={Journal of Information \& Computational Science},
  volume={9},
  number={13},
  pages={3805--3812},
  year={2012}
}


@article{chen2000new,
  title={A new LDA-based face recognition system which can solve the small sample size problem},
  author={Chen, Li-Fen and Liao, Hong-Yuan Mark and Ko, Ming-Tat and Lin, Ja-Chen and Yu, Gwo-Jong},
  journal={Pattern recognition},
  volume={33},
  number={10},
  pages={1713--1726},
  year={2000},
  publisher={Elsevier}
}

@article{martis2013ecg,
  title={ECG beat classification using PCA, LDA, ICA and discrete wavelet transform},
  author={Martis, Roshan Joy and Acharya, U Rajendra and Min, Lim Choo},
  journal={Biomedical Signal Processing and Control},
  volume={8},
  number={5},
  pages={437--448},
  year={2013},
  publisher={Elsevier}
}


/////////////////////////////////////////////////////////////////////////

// 辨识
@article{yuan2010genetic,
  title={基于遗传算法的自治水下机器人水动力参数辨识方法},
  author={袁伟杰 and 刘贵杰 and 朱绍锋},
  journal={机械工程学报},
  number={11},
  pages={96--100},
  year={2010},
  type = {J},
}

@inproceedings{gibson2015comparison,
  title={A comparison of hydrodynamic damping models using least-squares and adaptive identifier methods for autonomous underwater vehicles},
  author={Gibson, Scott B and McCarter, Brian and Stilwell, Daniel J and Neu, Wayne L},
  booktitle={OCEANS},
  pages={1--7},
  year={2015},
  publisher={IEEE},
  location ={ Washington, DC, USA}
}

@inproceedings{deng2009system,
  title={System identification based on particle swarm optimization algorithm},
  author={Deng, Xiuqin},
  booktitle={International Conference on Computational Intelligence and Security},
  volume={1},
  pages={259--263},
  year={2009},
  publisher={IEEE},
  address ={Beijing},
  month={Dec}
}

@article{kim2012estimating,
  title={Estimating the non-linear dynamics of free-flying objects},
  author={Kim, Seungsu and Billard, Aude},
  journal={Robotics and Autonomous Systems},
  volume={60},
  number={9},
  pages={1108--1122},
  year={2012},
  publisher={Elsevier}
}

@article{baruch2009levenberg,
  title={A levenberg-marquardt learning applied for recurrent neural identification and control of a wastewater treatment bioprocess},
  author={Baruch, Ieroham S and Mariaca-Gaspar, Carlos R},
  journal={International Journal of Intelligent Systems},
  volume={24},
  number={11},
  pages={1094--1114},
  year={2009},
  publisher={Wiley Online Library}
}

@article{feng2006identification,
  title={Identification of visco-elastic models for rocks using genetic programming coupled with the modified particle swarm optimization algorithm},
  author={Feng, Xia-Ting and Chen, Bing-Rui and Yang, Chengxiang and Zhou, Hui and Ding, Xiuli},
  journal={International Journal of Rock Mechanics and Mining Sciences},
  volume={43},
  number={5},
  pages={789--801},
  year={2006},
  publisher={Elsevier}
}

@article{luque2011auv,
  title={Auv identification and robust control},
  author={Luque, Juan C Cutipa and Donha, D{\'e}cio Crisol},
  journal={IFAC Proceedings Volumes},
  volume={44},
  number={1},
  pages={14735--14741},
  year={2011},
  publisher={Elsevier}
}

@inproceedings{hegrenaes2007comparison,
  title={Comparison of mathematical models for the HUGIN 4500 AUV based on experimental data},
  author={Hegrenaes, Oyvind and Hallingstad, Oddvar and Jalving, Bjorn},
  booktitle={2007 Symposium on Underwater Technology and Workshop on Scientific Use of Submarine Cables and Related Technologies},
  pages={558--567},
  year={2007},
  publisher={IEEE},
  address={Tokyo, Japan}
}

@inproceedings{hong2013online,
  title={Online system identification of the dynamics of an autonomous underwater vehicle},
  author={Hong, Eng You and Meng, Teo Kwong and Chitre, Mandar},
  booktitle={2013 IEEE International Underwater Technology Symposium (UT)},
  pages={1--10},
  year={2013},
  publisher={IEEE},
  address={Tokyo, Japan}
}

@article{sabet2014extended,
  title={Extended and Unscented Kalman filters for parameter estimation of an autonomous underwater vehicle},
  author={Sabet, Mohammad Taghi and Sarhadi, Pouria and Zarini, Mostafa},
  journal={Ocean Engineering},
  volume={91},
  pages={329--339},
  year={2014},
  publisher={Elsevier}
}

@article{wang2014sensitivity,
  title={Sensitivity analysis and parametric identification for ship manoeuvring in 4 degrees of freedom},
  author={Wang, Xue-Gang and Zou, Zao-Jian and Xu, Feng and Ren, Ru-Yi},
  journal={Journal of Marine Science and Technology},
  volume={19},
  number={4},
  pages={394},
  year={2014},
  publisher={Springer Science \& Business Media}
}

@article{xu2013identification,
  title={Identification modeling of underwater vehicles' nonlinear dynamics based on support vector machines},
  author={Xu, Feng and Zou, Zao-Jian and Yin, Jian-Chuan and Cao, Jian},
  journal={Ocean Engineering},
  volume={67},
  pages={68--76},
  year={2013},
  publisher={Elsevier}
}

@article{zhou2013genetic,
  title={Genetic algorithm-based identification of fractional-order systems},
  author={Zhou, Shengxi and Cao, Junyi and Chen, Yangquan},
  journal={Entropy},
  volume={15},
  number={5},
  pages={1624--1642},
  year={2013},
  publisher={Multidisciplinary Digital Publishing Institute}
}

@article{chang2007nonlinear,
  title={Nonlinear system identification and control using a real-coded genetic algorithm},
  author={Chang, Wei-Der},
  journal={Applied Mathematical Modelling},
  volume={31},
  number={3},
  pages={541--550},
  year={2007},
  publisher={Elsevier}
}

@article{dos2014genetic,
  title={A genetic programming approach based on L{\'e}vy flight applied to nonlinear identification of a poppet valve},
  author={dos Santos Coelho, Leandro and Bora, Teodoro Cardoso and Klein, Carlos Eduardo},
  journal={Applied Mathematical Modelling},
  volume={38},
  number={5},
  pages={1729--1736},
  year={2014},
  publisher={Elsevier}
}

@article{dos2009nonlinear,
  title={Nonlinear model identification of an experimental ball-and-tube system using a genetic programming approach},
  author={dos Santos Coelho, Leandro and Pess{\^o}a, Marcelo Wicthoff},
  journal={Mechanical Systems and Signal Processing},
  volume={23},
  number={5},
  pages={1434--1446},
  year={2009},
  publisher={Elsevier}
}


@article{Gandomi2012A1,
  title={A new multi-gene genetic programming approach to nonlinear system modeling. Part I: materials and structural engineering problems},
  author={Gandomi, Amir Hossein and Alavi, Amir Hossein},
  journal={Neural Computing \& Applications},
  volume={21},
  number={1},
  pages={171-187},
  year={2012},
}

@article{Gandomi2012A2,
  title={A new multi-gene genetic programming approach to non-linear system modeling. Part II: geotechnical and earthquake engineering problems},
  author={Gandomi, Amir Hossein and Alavi, Amir Hossein},
  journal={Neural Computing \& Applications},
  volume={21},
  number={1},
  pages={189-201},
  year={2012},
}

@article{menezes2014symbolic,
  title={Symbolic regression of generative network models},
  author={Menezes, Telmo and Roth, Camille},
  journal={Scientific reports},
  volume={4},
  pages={6284},
  year={2014},
  publisher={Nature Publishing Group}
}

@article{schmidt2009distilling,
  title={Distilling free-form natural laws from experimental data},
  author={Schmidt, Michael and Lipson, Hod},
  journal={science},
  volume={324},
  number={5923},
  pages={81--85},
  year={2009},
  publisher={American Association for the Advancement of Science}
}

@article{schwab2012learn,
  title={Learn more about your data: a symbolic regression knowledge representation framework},
  author={Schwab, Ingo and Link, Norbert},
  journal={International Journal of Intelligence Science},
  volume={2},
  number={4},
  pages={135--142},
  year={2012},
  publisher={Scientific Research Publishing}
}

@article{stoutemyer2013can,
  title={Can the Eureqa symbolic regression program, computer algebra and numerical analysis help each other},
  author={Stoutemyer, David R},
  journal={Notices AMS},
  volume={60},
  pages={713--724},
  year={2013}
}

@article{brunton2016discovering,
  title={Discovering governing equations from data by sparse identification of nonlinear dynamical systems},
  author={Brunton, Steven L and Proctor, Joshua L and Kutz, J Nathan},
  journal={Proceedings of the National Academy of Sciences},
  volume={113},
  number={15},
  pages={3932--3937},
  year={2016},
  publisher={National Acad Sciences}
}

@article{wu2016parametric,
  title={Parametric identification and structure searching for underwater vehicle model using symbolic regression},
  author={Wu, Nai-Long and Wang, Xu-Yang and Ge, Tong and Wu, Chao and Yang, Rui},
  journal={Journal of Marine Science and Technology},
  volume={1},
  number={22},
  pages={51--60},
  year={2016}
}

@article{Moreno2015Symbolic,
  title={Symbolic Regression for Marine Vehicles Identification},
  author={Moreno-Salinas, D. and Besada-Portas, E. and López-Orozco, J. A. and Chaos, D. and Cruz, J. M. De La and Aranda, J.},
  journal={IFAC-PapersOnLine},
  volume={48},
  number={16},
  pages={210-216},
  year={2015},
}

@article{garg2014mathematical,
  title={Mathematical modelling of burr height of the drilling process using a statistical-based multi-gene genetic programming approach.},
  author={Garg, A and Tai, K and Vijayaraghavan, V and Singru, Pravin},
  journal={International Journal of Advanced Manufacturing Technology},
  volume={73},
  year={2014}
}

@incollection{schmidt2010symbolic,
  title={Symbolic regression of implicit equations},
  author={Schmidt, Michael and Lipson, Hod},
  booktitle={Genetic Programming Theory and Practice VII},
  pages={73--85},
  year={2010},
  publisher={Springer},
  address={Boston, MA}
}




///////////////////////////////////////////////////////////////////////////////////
// 自适应控制

@article{wang2016fast,
  title={Fast and Accurate Trajectory Tracking Control of an Autonomous Surface Vehicle With Unmodeled Dynamics and Disturbances},
  author={Wang, Ning and Lv, Shuailin and Er, Meng Joo and Chen, Wen-Hua},
  journal={IEEE Transactions on Intelligent Vehicles},
  volume={1},
  number={3},
  pages={230--243},
  year={2016},
  publisher={IEEE}
}

@article{hassanein2016model,
  title={Model-based adaptive control system for autonomous underwater vehicles},
  author={Hassanein, Osama and Anavatti, Sreenatha G and Shim, Hyungbo and Ray, Tapabrata},
  journal={Ocean Engineering},
  volume={127},
  pages={58--69},
  year={2016},
  publisher={Elsevier}
}


@article{lavretsky2010predictor,
  title={Predictor-based model reference adaptive control},
  author={Lavretsky, Eugene and Gadient, Ross and Gregory, Irene M},
  journal={Journal of guidance, control, and dynamics},
  volume={33},
  number={4},
  pages={1195--1201},
  year={2010}
}

@inproceedings{gregory2010flight,
  title={Flight test of $L_{1}$ adaptive controller on the NASA AirSTAR flight test vehicle},
  author={Gregory, Irene M and Xargay, Enric and Cao, Chengyu and Hovakimyan, Naira},
  booktitle={AIAA Guidance, Navigation and Control Conference},
  volume={10},
  pages={8015},
  year={2010},
  publisher={American Institute of Aeronautics and Astronautics},
  address={Toronto, Canada}
}

@inproceedings{hyde2011flight,
  title={Flight Testing the X-48B Angle-of-Attack and Sideslip Limiting System},
  author={Hyde, David C and Gadient, Ross and Lavretsky, Eugene},
  booktitle={AIAA Guidance, Navigation, and Control Conference},
  pages={6471},
  year={2011},
  publisher={American Institute of Aeronautics and Astronautics},
  address={Portland,Oregen}
}

@inproceedings{Dydek2015Adaptive,
  title={Adaptive Control of Quadrotor UAVs in the Presence of Actuator Uncertainties},
  author={Dydek, Zachary and Annaswamy, Anuradha and Lavretsky, Eugene},
  booktitle={AIAA Infotech@aerospace},
  year={2010},
  pages={3416},
  publisher={American Institute of Aeronautics and Astronautics},
  address={Atlanta, Georgia}
}

@inproceedings{gibson2012improved,
  title={Improved transient response in adaptive control using projection algorithms and closed loop reference models},
  author={Gibson, Travis E and Annaswamy, Anuradha M and Lavretsky, Eugene},
  booktitle={AIAA guidance navigation and control conference},
  year={2012},
  pages={4775},
  publisher={American Institute of Aeronautics and Astronautics},
  address={Minneapolis, Minnesota}
}


@inproceedings{gadient2012very,
  title={Very flexible aircraft control challenge problem},
  author={Gadient, Ross and Lavretsky, Eugene and Wise, Kevin},
  booktitle={Proceedings of the AIAA Guidance, Navigation, and Control Conference},
  year={2012},
  pages={4973},
  publisher={American Institute of Aeronautics and Astronautics},
  address={ Minneapolis, Minnesota}
}

@article{gibson2012adaptive,
  title={Adaptive systems with closed-loop reference models: Stability, robustness and transient performance},
  author={Gibson, Travis E and Annaswamy, Anuradha M and Lavretsky, Eugene},
  journal={Physics},
  year={2012}
}

@inproceedings{kharisov2010comparison,
  title={Comparison of several adaptive controllers according to their robustness metrics},
  author={Kharisov, Evgeny and Hovakimyan, Naira and Astrom, Karl J},
  booktitle={AIAA Guidance, Navigation, and Control Conference},
  year={2010},
  publisher={American Institute of Aeronautics and Astronautics},
  address={Toronto, Canada}
}

@article{kharisov2014comparison,
  title={Comparison of architectures and robustness of model reference adaptive controllers and L1 adaptive controllers},
  author={Kharisov, Evgeny and Hovakimyan, Naira and {\AA}str{\"o}m, Karl J},
  journal={International Journal of Adaptive Control and Signal Processing},
  volume={28},
  number={7-8},
  pages={633--663},
  year={2014},
  publisher={Wiley Online Library}
}


@inproceedings{cao2010design,
  title={Design and analysis of a novel $L_{1}$ adatpive control architecture Part I: Control signal and symptotic stability},
  author={Cao, C and Hovakimyan, N},
  booktitle={Proc. of American Control Conference},
  pages={3397--3402},
  year = {2010},
  publisher ={IEEE},
  address={Minneapolis, Minnesota}
}


@article{cao2008adaptive,
  title={Adaptive controller for systems with unknown time-varying parameters and disturbances in the presence of non-zero trajectory initialization error},
  author={Cao, Chengyu and Hovakimyan, Naira},
  journal={International Journal of Control},
  volume={81},
  number={7},
  pages={1147--1161},
  year={2008},
  publisher={Taylor \& Francis}
}




@inproceedings{wang2011l1,
  title={$L_{1}$ adaptive controller for nonlinear reference systems},
  author={Wang, Xiaofeng and Hovakimyan, Naira},
  booktitle={American Control Conference (ACC), 2011},
  pages={594--599},
  year={2011},
  publisher={IEEE},
  address={San Francisco, CA, USA}
}



@inproceedings{maalouf2012novel,
  title={A novel application of multivariable $L_{1}$ adaptive control: From design to real-time implementation on an underwater vehicle},
  author={Maalouf, Divine and Creuze, Vincent and Chemori, Ahmed},
  booktitle={Intelligent Robots and Systems (IROS), 2012 IEEE/RSJ International Conference on},
  pages={76--81},
  year={2012},
  publisher={IEEE},
  address={Vilamoura, Portugal}
}



@article{Cao2006Design,
  title={Design and Analysis of a Novel $L_{1}$ Adaptive Control Architecture With Guaranteed Transient Performance},
  author={Cao, Chengyu and Hovakimyan, Naira},
  journal={IEEE Transactions on Automatic Control},
  volume={53},
  number={2},
  pages={586-591},
  year={2006},
}

@article{Hovakimyan2008adaptive,
  title={Adaptive controller for systems with unknown time-varying parameters and disturbances in the presence of non-zero trajectory initialization error},
  author={Hovakimyan, N.},
  journal={International Journal of Control},
  volume={81},
  number={7},
  pages={1147-1161},
  year={2008},
}

@article{cao2010stability,
  title={Stability Margins of $L_{1}$ Adaptive Control Architecture},
  author={Cao, Chengyu and Hovakimyan, Naira},
  journal={IEEE Transactions on Automatic Control},
  volume={55},
  number={2},
  pages={480--487},
  year={2010},
  publisher={IEEE}
}


@inproceedings{Cao2006Design1,
  title={Design and Analysis of a Novel $L_{1}$ Adaptive Controller, Part I: Control Signal and Asymptotic Stability},
  author={Cao, Chengyu and Hovakimyan, N},
  booktitle={American Control Conference},
  pages={3397-3402},
  year={2006},
  publisher={IEEE},
  address={Minneapolis, MN, USA}
}

@inproceedings{Luo2010L1,
  title={$L_{1}$ adaptive controller for a class of systems with unknown nonlinearities},
  author={Luo, Jie and Cao, Chengyu and Hovakimyan, N},
  booktitle={American Control Conference},
  pages={1659-1664},
  year={2010},
  publisher={IEEE},
  address={Baltimore, MD, USA}
}

@inproceedings{Cao2006Design2,
  title={Design and Analysis of a Novel $L_{1}$ Adaptive Controller, Part II: Guaranteed Transient Performance},
  author={Cao, Chengyu and Hovakimyan, Naira},
  booktitle={American Control Conference},
  pages={3403-3408},
  year={2006},
  publisher={IEEE},
  address={Minneapolis, MN, USA}
}

@inproceedings{Cheng2008L1,
   author = {Cao，Chengyu and Hovakimyan, N.},
   title = {$L_{1}$ adaptive controller for a class of systems with unknown nonlinearities: Part I},
   booktitle = {2008 American Control Conference},
   pages = {4093-4098},
   publisher={IEEE},
   address={Seattle, WA, USA}
}

@inproceedings{Cao2008L1,
  title={$L_{1}$  adaptive controller for nonlinear systems in the presence of unmodelled dynamics: Part II},
  author={Cao, Chengyu and Hovakimyan, N},
  booktitle={American Control Conference},
  pages={4099-4104},
  year={2008},
  publisher={IEEE},
  address={Seattle, WA, USA}
}

@article{Kaminer2010Path,
  title={Path Following for Small Unmanned Aerial Vehicles Using $L_{1}$ Adaptive Augmentation of Commercial Autopilots},
  author={Kaminer, Isaac and Pascoal, Antonio and Xargay, Enric and Hovakimyan, Naira and Cao, Chengyu and Dobrokhodov, Vladimir},
  journal={Journal of Guidance Control \& Dynamics},
  volume={33},
  number={2},
  pages={550-564},
  year={2010},
}


@inproceedings{dobrokhodov2008flight,
    author = {Vladimir Dobrokhodov and Ioannis Kitsios and Isaac Kaminer and Kevin D. Jones and Chengyu Cao and Mariano I. Lizarraga and Irene M. Gregory},
    title = {Flight validation of metrics driven $L_{1}$ adaptive control},
    booktitle = {AIAA Guidance, Navigation and Control Conference and Exhibit},
    publisher = {American Institute of Aeronautics and Astronautics},
    year = {2008},
    address={Honolulu, Hawaii},
    pages={6987},
}


@inproceedings{wang2009l1,
  title={$L_{1}$ adaptive augmentation of gain-scheduled controller for racetrack maneuver in aerial refueling},
  author={Wang, Jiang and Hovakimyan, Naira and Cao, Chengyu},
  booktitle={AIAA Guidance, Navigation, and Control Conference},
  volume={5739},
  year={2009},
  publisher={AIAA},
  address={Chicago, Illinois},
}

@inproceedings{gregory2009l1,
  title={$L_{1}$ adaptive control design for NASA AirSTAR flight test vehicle},
  author={Gregory, Irene M and Cao, Chengyu and Xargay, Enric and Hovakimyan, Naira and Zou, Xiaotian},
  booktitle={AIAA guidance, navigation, and control conference},
  volume={5738},
  year={2009},
  publisher={AIAA},
  address={ Chicago, Illinois},
}

@inproceedings{Zhiyuan2009Integrated,
  title={Integrated Estimator and $L_{1}$ Adaptive Controller for Well Drilling Systems},
  author={Zhiyuan Li and Hovakimyan, N and Chengyu Cao and Kaasa, G.-O},
  booktitle={Conference on American Control Conference},
  pages={1958-1963},
  year={2009},
  publisher={IEEE},
  address={St. Louis, MO, USA}
}

@inproceedings{Lei2007Design,
  title={Design of an $L_{1}$ Adaptive Controller for Air-breathing Hypersonic Vehicle Model in the Presence of Unmodeled Dynamics},
  author={Lei, Yu and Cao, Chengyu and Cliff, Eugene and Hovakimyan, Naira and Kurdila, Andy},
  booktitle={AIAA Guidance, Navigation and Control Conference and Exhibit},
  year={2007},
  publisher={AIAA},
  address={Hilton Head, South Carolina}
}

@inproceedings{Guerreiro2009L,
  title={$L_{1}$  adaptive control for autonomous rotorcraft},
  author={Guerreiro, B. J. and Silvestre, C. and Cunha, R. and Cao, C.},
  booktitle={Conference on American Control Conference},
  pages={3250-3255},
  year={2009},
  publisher={IEEE},
  address={St. Louis, MO, USA}
}

@inproceedings{Wise2008Verifiable,
  title={Verifiable Adaptive Control: UCAV and Aerial Refueling},
  author={Wise, Kevin and Lavretsky, Eugene and Hovakimyan, Naira and Cao, Chengyu and Wang, Jiang},
  booktitle={AIAA Guidance, Navigation and Control Conference},
  publisher={AIAA},
  year={2008},
  address={Honolulu, Hawaii}
}

@inproceedings{wang2008l1,
  title={$L_{1}$ adaptive controller for a missile longitudinal autopilot design},
  author={Wang, Jiang and Cao, Chengyu and Hovakimyan, Naira and Hindman, Richard and Ridgely, D Brett},
  booktitle={AIAA Guidance, Navigation and Control Conference},
  pages={6282},
  year={2008},
  publisher={AIAA},
  address={Honolulu, Hawaii}
}

@inproceedings{aguiar2008time,
  title={Time-coordinated path following of multiple UAVs over time-varying networks using $L_{1}$ adaptation},
  author={Aguiar, A Pedro and Kaminer, Isaac and Ghabcheloo, Reza and Pascoal, Ant{\'o}nio M and Xargay, Enric and Hovakimyan, Naira and Cao, Chengyu and Dobrokhodov, Vladimir},
  booktitle={Proceedings of the AIAA Guidance, Navigation and Control Conference and Exhibit},
  year={2008},
  publisher={AIAA},
  address={Honolulu, Hawaii}

}

@inproceedings{kharisov2008l1,
  title={$L_{1}$ adaptive control law for flexible space launch vehicle and proposed plan for flight test validation},
  author={Kharisov, Evgeny and Gregory, I and Cao, Chengyu and Hovakimyan, Naira},
  booktitle={AIAA Guidance, Navigation and Control Conference and Exhibit},
  pages={7128},
  year={2008},
  publisher={AIAA},
  address={Honolulu, Hawaii}

}

@article{santhakumar2014robust,
  title={Robust adaptive tracking control of autonomous underwater vehicle-manipulator systems},
  author={Santhakumar, Mohan and Kim, Jinwhan},
  journal={Journal of Dynamic Systems, Measurement, and Control},
  volume={136},
  number={5},
  pages={054502--054512},
  year={2014},
  publisher={American Society of Mechanical Engineers}
}

@inproceedings{valladarez2015robust,
  title={Robust adaptive control of Underwater Vehicles for precision operations},
  author={Valladarez, LT Nicholas D and Du Toit, Noel E},
  booktitle={OCEANS'15 MTS/IEEE Washington},
  pages={1--7},
  year={2015},
  publisher={IEEE},
  address={Washington, DC, USA}
}


@article{maalouf2015l1,
  title={$L_{1}$ Adaptive depth and pitch control of an underwater vehicle with real-time experiments},
  author={Maalouf, Divine and Chemori, Ahmed and Creuze, Vincent},
  journal={Ocean Engineering},
  volume={98},
  pages={66--77},
  year={2015},
  publisher={Elsevier}
}

@article{sarhadi2014l1,
  title={$L_{1}$ adaptive pitch control of an autonomous underwater vehicle},
  author={Sarhadi, Pouria and Ranjbar Noei, Abolfazl and Khosravi, Alireza},
  journal={International Journal of Intelligent Unmanned Systems},
  volume={2},
  number={2},
  pages={107--120},
  year={2014},
  publisher={Emerald Group Publishing Limited}
}


@inproceedings{maalouf2012l1,
  title={$L_{1}$ Adaptative control for small underwater vehicles},
  author={Maalouf, Divine and Chemori, Ahmed and Creuze, Vincent},
  booktitle={ICOURS'12: International Conference on Underwater Remote Sensing},
  year={2012},
  publisher={ENSTA, Bretagne},
  address={Brest, France}
}

@inproceedings{maalouf2013new,
  title={A new extension of the $L_{1}$ adaptive controller to drastically reduce the tracking time lags},
  author={Maalouf, Divine and Chemori, Ahmed and Creuze, Vincent},
  booktitle={NOLCOS: Nonlinear Control Systems},
  pages={1--6},
  year={2013},
  publisher={Elsevier},
  address={Toulouse, France}
}

@inproceedings{maalouf2013stability,
  title={Stability analysis of a new extended $L_{1}$ controller with experimental validation on an underwater vehicle},
  author={Maalouf, Divine and Chemori, Ahmed and Creuze, Vincent},
  booktitle={Decision and Control (CDC), 2013 IEEE 52nd Annual Conference on},
  pages={6149--6155},
  year={2013},
  publisher={IEEE},
  address={Florence, Italy}
}

//  补偿

@article{galeani2009tutorial,
  title={A tutorial on modern anti-windup design},
  author={Galeani, Sergio and Tarbouriech, Sophie and Turner, Matthew and Zaccarian, Luca},
  journal={European Journal of Control},
  volume={15},
  number={3-4},
  pages={418--440},
  year={2009},
  publisher={Elsevier}
}

@article{sofrony2010anti,
  title={Anti-windup synthesis for systems with rate-limits using Riccati equations},
  author={Sofrony, Jorge and Turner, Matthew C and Postlethwaite, Ian},
  journal={International Journal of Control},
  volume={83},
  number={2},
  pages={233--245},
  year={2010},
  publisher={Taylor \& Francis}
}

@inproceedings{folcher2004lmi,
  title={LMI-based anti-windup control for an underwater robot with propellers saturations},
  author={Folcher, J-P},
  booktitle={Control Applications, 2004. Proceedings of the 2004 IEEE International Conference on},
  volume={1},
  pages={32--37},
  year={2004},
  publisher={IEEE},
  address={ Taipei, Taiwan, China}

}

@inproceedings{karason1993adaptive,
  title={Adaptive control in the presence of input constraints},
  author={Karason, Steingrimur Pall and Annaswamy, Anuradha M},
  booktitle={American Control Conference, 1993},
  pages={1370--1374},
  year={1993},
  publisher={IEEE},
  address={San Francisco, CA, USA}
}

@inproceedings{kim2013variable,
  title={Variable-structure PID controller with anti-windup for autonomous underwater vehicle},
  author={Kim, Minsung and Joe, Hangil and Pyo, Juhyun and Kim, Jongkyoo and Kim, Hyosin and Son-cheol, Yu},
  booktitle={OCEANS},
  pages={1--5},
  year={2013},
  publisher={IEEE},
  address={San Diego, CA, USA}
}

@article{sarhadi2016adaptive1,
  title={Adaptive $\mu$-modification control for a nonlinear autonomous underwater vehicle in the presence of actuator saturation},
  author={Sarhadi, Pouria and Noei, Abolfazl Ranjbar and Khosravi, Alireza},
  journal={International Journal of Dynamics and Control},
  pages={1--8},
  year={2016},
  publisher={Springer}
}

@article{Turner2017Positive,
  title={Positive $\mu$ modification as an anti-windup mechanism},
  author={Turner, Matthew C.},
  pages={15--21},
  year={2017},
  journal={Systems \& Control Letters},
  volume={102},
  publisher={Elsevier}
}


@article{sarhadi2016adaptive2,
  title={Adaptive integral feedback controller for pitch and yaw channels of an AUV with actuator saturations},
  author={Sarhadi, Pouria and Noei, Abolfazl Ranjbar and Khosravi, Alireza},
  journal={ISA Transactions},
  volume={65},
  pages={284--295},
  year={2016},
  publisher={Elsevier}
}

@article{sarhadi2016model1,
  title={Model reference adaptive PID control with anti-windup compensator for an autonomous underwater vehicle},
  author={Sarhadi, Pouria and Noei, Abolfazl Ranjbar and Khosravi, Alireza},
  journal={Robotics and Autonomous Systems},
  volume={83},
  pages={87--93},
  year={2016},
  publisher={Elsevier}
}

@article{sarhadi2015state,
  title={State of the art: hardware in the loop modeling and simulation with its applications in design, development and implementation of system and control software},
  author={Sarhadi, Pouria and Yousefpour, Samereh},
  journal={International Journal of Dynamics and Control},
  volume={3},
  number={4},
  pages={470--479},
  year={2015},
  publisher={Springer Berlin Heidelberg}
}

@article{sarhadi2017model2,
  title={Model reference adaptive autopilot with anti-windup compensator for an autonomous underwater vehicle: Design and hardware in the loop implementation results},
  author={Sarhadi, Pouria and Noei, Abolfazl Ranjbar and Khosravi, Alireza},
  journal={Applied Ocean Research},
  volume={62},
  pages={27--36},
  year={2017},
  publisher={Elsevier}
}

@article{cui2016adaptive,
  title={Adaptive sliding-mode attitude control for autonomous underwater vehicles with input nonlinearities},
  author={Cui, Rongxin and Zhang, Xin and Cui, Dong},
  journal={Ocean Engineering},
  volume={123},
  pages={45--54},
  year={2016},
  publisher={Elsevier}
}

@article{oliveira2013design,
  title={Design of Anti-Windup Compensators for a Class of Nonlinear Control Systems with Actuator Saturation},
  author={Oliveira, Maurício Zardo and Jr, João Manoel Gomes Da Silva and Coutinho, Daniel and Tarbouriech, Sophie},
  journal={Journal of Control Automation \& Electrical Systems},
  volume={24},
  number={3},
  pages={212-222},
  year={2013}
}

@article{sofrony2007anti,
  title={Anti-windup synthesis using Riccati equations},
  author={Sofrony, Jorge and Turner, Matthew C and Postlethwaite, Ian},
  journal={International Journal of Control},
  volume={80},
  number={1},
  pages={112--128},
  year={2007},
  publisher={Taylor \& Francis}
}

@article{yang2012observer,
  title={Observer-based anti-windup compensator design for saturated control systems using an LMI approach},
  author={Yang, Shyi-Kae},
  journal={Computers \& Mathematics with Applications},
  volume={64},
  number={5},
  pages={747--758},
  year={2012},
  publisher={Elsevier}
}

@inproceedings{Chen2009Neural,
  title={Neural network tracking control of ocean surface vessels with input saturation},
  author={Chen, Mou and Ge, S. S and Choo, Yoo Sang},
  booktitle={International Conference on Automation and Logistics},
  pages={85-89},
  year={2009},
  publisher ={IEEE},
  address={Shenyang, China},
}

@article{Wu2018Pitch,
  title={Pitch Channel Control of a REMUS AUV with Input Saturation and Coupling Disturbances},
  author={Wu, Nailong and Wu, Chao and Ge, Tong and Yang, Deqing and Yang, Rui},
  journal={Applied Sciences},
  volume={8},
  number={2},
  pages={253},
  year={2018},
}

//////////////////////如下部分未全部采用/////////////////////////////////////////////////
/////////////////////////////////////////////////////////////////////////////////////////
// 精确跟踪

@article{alur1995algorithmic,
  title={The algorithmic analysis of hybrid systems},
  author={Alur, Rajeev and Courcoubetis, Costas and Halbwachs, Nicolas and Henzinger, Thomas A and Ho, P-H and Nicollin, Xavier and Olivero, Alfredo and Sifakis, Joseph and Yovine, Sergio},
  journal={Theoretical computer science},
  volume={138},
  number={1},
  pages={3--34},
  year={1995},
  publisher={Elsevier}
}

@article{park1999study,
  title={A study on the robustness of a PID-type iterative learning controller against initial state error},
  author={Park, Kwang-Hyun},
  journal={International Journal of Systems Science},
  volume={30},
  number={1},
  pages={49--59},
  year={1999},
  publisher={Taylor \& Francis}
}


@inbook{Sch2007an,
author={Schölkopf, B and Platt, J and Hofmann, T},
booktitle={Advances in Neural Information Processing Systems 19:Proceedings of the 2006 Conference},
title={An Application of Reinforcement Learning to Aerobatic Helicopter Flight},
year={2007},
pages={1-8},
publisher={MIT Press},
address={Cambridge, MA, USA}
}


@article{madady2008pid,
  title={PID type iterative learning control with optimal gains},
  author={Madady, Ali},
  journal={International Journal of Control, Automation, and Systems},
  volume={6},
  number={2},
  pages={194--203},
  year={2008}
}

@article{xu2008optimal,
  title={Optimal tuning of PID parameters using iterative learning approach},
  author={Xu, Jian-Xin and Huang, Deqing and Pindi, Srinivas},
  journal={SICE Journal of Control, Measurement, and System Integration},
  volume={1},
  number={2},
  pages={143--154},
  year={2008},
  publisher={The Society of Instrument and Control Engineers}
}


@inproceedings{mellinger2011minimum,
  title={Minimum snap trajectory generation and control for quadrotors},
  author={Mellinger, Daniel and Kumar, Vijay},
  booktitle={Robotics and Automation (ICRA), 2011 IEEE International Conference on},
  pages={2520--2525},
  year={2011},
  publisher={IEEE},
  address={Shanghai, China}
}

@article{mellinger2012trajectory,
  title={Trajectory generation and control for precise aggressive maneuvers with quadrotors},
  author={Mellinger, Daniel and Michael, Nathan and Kumar, Vijay},
  journal={International Journal of Robotics Research},
  volume={31},
  number={5},
  pages={664--674},
  year={2012},
  publisher={SAGE Publications Sage UK: London, England}
}

@article{dukan2013integration,
  title={Integration filter for APS, DVL, IMU and pressure gauge for underwater vehicles},
  author={Dukan, Fredrik and S{\o}rensen, Asgeir J},
  journal={IFAC Proceedings Volumes},
  volume={46},
  number={33},
  pages={280--285},
  year={2013},
  publisher={Elsevier}
}


@article{li2015alignment,
  title={Alignment calibration of IMU and Doppler sensors for precision INS/DVL integrated navigation},
  author={Li, Wanli and Zhang, Lundong and Sun, Fuping and Yang, Li and Chen, Mingjian and Li, Ying},
  journal={Optik-International Journal for Light and Electron Optics},
  volume={126},
  number={23},
  pages={3872--3876},
  year={2015},
  publisher={Elsevier}
}

@article{yoo2016path,
  title={Path optimization for marine vehicles in ocean currents using reinforcement learning},
  author={Yoo, Byunghyun and Kim, Jinwhan},
  journal={Journal of Marine Science and Technology},
  volume={21},
  number={2},
  pages={334},
  year={2016},
  publisher={Springer Science \& Business Media}
}

@article{allotta2016unscented,
  title={An unscented Kalman filter based navigation algorithm for autonomous underwater vehicles},
  author={Allotta, B and Caiti, A and Chisci, L and Costanzi, R and Di Corato, F and Fantacci, C and Fenucci, D and Meli, E and Ridolfi, A},
  journal={Mechatronics},
  volume={39},
  pages={185--195},
  year={2016},
  publisher={Elsevier}
}


@article{li2016precise,
  title={Precise speed tracking control of a robotic fish via iterative learning control},
  author={Li, Xuefang and Ren, Qinyuan and Xu, Jian-Xin},
  journal={IEEE Transactions on Industrial Electronics},
  volume={63},
  number={4},
  pages={2221--2228},
  year={2016},
  publisher={IEEE}
}


@inproceedings{hussain2017robustness,
  title={Robustness of Adaptive Control Systems to Unmodeled Dynamics: A Describing Function Viewpoint},
  author={Hussain, Heather S and Subedi, Chandan Sharma and Annaswamy, Anuradha M and Lavretsky, Eugene},
  booktitle={AIAA Guidance, Navigation, and Control Conference},
  pages={1713},
  year={2017},
  publisher={AIAA},
  address={Atlanta, USA}
}

////////////////////////////////////////////////////////////////////////
@article{xu2005deeprov,
  title={“海龙-3500”深海潜水器的变长缆运动建模与仿真},
  author={徐刚 and 葛彤 and 朱继懋 and 连琏 },
  journal={造船技术},
  volume={1},
  number={5},
  year={2005},
  pages={22--26},
  publisher={},
}



@article{feng2005intros,
  title={国外自治水下机器人发展现状综述},
  author={冯正平},
  journal={鱼雷技术},
  volume={13},
  number={1},
  year={2005},
  pages={5--9},
  publisher={},
}

@article{feng2010H_infty,
  title={$H_{\infty}$ Autopilot Design for Autonomous Underwater Vehicles},
  author={Feng, Zheng-Ping and Allen, R},
  journal={Journal of Shanghai Jiaotong University(Science)},
  volume={15},
  number={2},
  year={2010},
  pages={194--198},
  publisher={},
}


@inproceedings{Fjellstad1994Singularity,
  title={Singularity-free tracking of unmanned underwater vehicles in 6 DOF},
  author={Fjellstad, O. E and Fossen, T. I},
  booktitle={ Proceedings of the  IEEE Conference on Decision and Control},
  pages={1128-1133},
  volume={2},
  year={1994},
  publisher ={IEEE},
  address={Lake Buena Vista, FL, USA},
}

@article{Huo2016Impulse,
  title={Impulse control method for hydraulic propulsion system used in 3500 m work-class ROV},
  author={Huo, Xingxing and Wang, Xuyang and Ge, Tong},
  journal={Applied Ocean Research},
  volume={60},
  pages={75-83},
  year={2016},
}


//-------------------------------------------------
//路径 定位

@article{mu2017adaptive,
  title={Adaptive LOS Path Following for a Podded Propulsion Unmanned Surface Vehicle with Uncertainty of Model and Actuator Saturation},
  author={Mu, Dongdong and Wang, Guofeng and Fan, Yunsheng and Sun, Xiaojie and Qiu, Bingbing},
  journal={Applied Sciences},
  volume={7},
  number={12},
  pages={1232},
  year={2017},
  publisher={Multidisciplinary Digital Publishing Institute}
}


@inproceedings{arnesen20173d,
  title={3D Path Following and Tracking for an Inspection Class ROV},
  author={Arnesen, Bent O and Lekkas, Anastasios M and Schj{\o}lberg, Ingrid},
  booktitle={ASME 2017 36th International Conference on Ocean, Offshore and Arctic Engineering},
  pages={V07AT06A019--V07AT06A019},
  year={2017},
  publisher ={American Society of Mechanical Engineers},
  address ={Trondheim, Norway}
}

@article{lekkas2016online,
  title={Online path planning for surface vehicles exposed to unknown ocean currents using pseudospectral optimal control},
  author={Lekkas, Anastasios M and Roald, Ann L and Breivik, Morten},
  journal={IFAC-PapersOnLine},
  volume={49},
  number={23},
  pages={1--7},
  year={2016},
  publisher={Elsevier}
}

@article{fossen2015line,
  title={Line-of-sight path following for dubins paths with adaptive sideslip compensation of drift forces},
  author={Fossen, Thor I and Pettersen, Kristin Y and Galeazzi, Roberto},
  journal={IEEE Transactions on Control Systems Technology},
  volume={23},
  number={2},
  pages={820--827},
  year={2015},
  publisher={IEEE}
}

@article{wiig2016integral,
  title={Integral Line-of-Sight Guidance of Underwater Vehicles Without Neutral Buoyancy},
  author={Wiig, Martin S and Caharija, Walter and Krogstad, Thomas R{\o}bekk and Pettersen, Kristin Y},
  journal={IFAC-PapersOnLine},
  volume={49},
  number={23},
  pages={590--597},
  year={2016},
  publisher={Elsevier}
}

@article{lekkas2013line,
  title={Line-of-sight guidance for path following of marine vehicles},
  author={Lekkas, Anastasios M and Fossen, Thor I},
  journal={Advanced in marine robotics},
  pages={63--92},
  year={2013},
  publisher={San Francisco, CA, USA: Academic}
}

@article{lekkas2014guidance,
  title={Guidance and path-planning systems for autonomous vehicles},
  author={Lekkas, Anastasios M},
  year={2014},
  publisher={Norges teknisk-naturvitenskapelige universitet, Fakultet for informasjonsteknologi, matematikk og elektroteknikk, Institutt for teknisk kybernetikk}
}

@article{elmokadem2017terminal,
  title={Terminal sliding mode control for the trajectory tracking of underactuated autonomous underwater vehicles},
  author={Elmokadem, Taha and Zribi, Mohamed and Youcef-Toumi, Kamal},
  journal={Ocean Engineering},
  volume={129},
  pages={613--625},
  year={2017},
  publisher={Elsevier}
}

@article{candeloro2012observers,
  title={Observers for dynamic positioning of rovs with experimental results},
  author={Candeloro, Mauro and S{\o}rensen, Asgeir J and Longhi, Sauro and Dukan, Fredrik},
  journal={IFAC Proceedings Volumes},
  volume={45},
  number={27},
  pages={85--90},
  year={2012},
  publisher={Elsevier}
}

@inproceedings{dukan2011dynamic,
  title={Dynamic positioning system for a small size ROV with experimental results},
  author={Dukan, Fredrik and Ludvigsen, Martin and others},
  booktitle={OCEANS, 2011 IEEE-Spain},
  pages={1--10},
  year={2011},
  publisher={IEEE},
  address={Santander, Spain}
}

@article{du2016robust,
  title={Robust dynamic positioning of ships with disturbances under input saturation},
  author={Du, Jialu and Hu, Xin and Krsti{\'c}, Miroslav and Sun, Yuqing},
  journal={Automatica},
  volume={73},
  pages={207--214},
  year={2016},
  publisher={Elsevier}
}

@article{hsu2000dynamic,
  title={Dynamic positioning of remotely operated underwater vehicles},
  author={Hsu, Liu and Costa, Ramon R and Lizarralde, Fernando and Da Cunha, Jos{\'e} Paulo Vilela Soares},
  journal={IEEE Robotics \& Automation Magazine},
  volume={7},
  number={3},
  pages={21--31},
  year={2000},
  publisher={IEEE}
}

@article{smallwood2004model,
  title={Model-based dynamic positioning of underwater robotic vehicles: theory and experiment},
  author={Smallwood, David A and Whitcomb, Louis L},
  journal={IEEE Journal of Oceanic Engineering},
  volume={29},
  number={1},
  pages={169--186},
  year={2004},
  publisher={IEEE}
}

@article{aguiar2007dynamic,
  title={Dynamic positioning and way-point tracking of underactuated AUVs in the presence of ocean currents},
  author={Aguiar, A Pedro and Pascoal, Ant{\'o}nio M},
  journal={International Journal of Control},
  volume={80},
  number={7},
  pages={1092--1108},
  year={2007},
  publisher={Taylor \& Francis}
}


@article{Souza2007Intelligent,
  title={Intelligent UUVs: Some issues on ROV dynamic positioning},
  author={Souza, Eric Conrado De and Maruyama, Newton},
  journal={IEEE Transactions on Aerospace \& Electronic Systems},
  volume={43},
  number={1},
  pages={214-226},
  year={2007},
}

////////////////////////////////////////////////
// 仿真
@misc{drake2016,
 author = {Russ Tedrake and the Drake Development Team},
 title = {Drake: A planning, control, and analysis toolbox for nonlinear dynamical systems},
 year = {2016},
 url = {http://drake.mit.edu},
}

@misc{russdrakebook,
author={Russ Tedrake},
title={Underactuated Robotics: Algorithms for Walking, Running, Swimming, Flying, and Manipulation (Course Notes for MIT 6.832)},
year ={2016},
url={http://underactuated.mit.edu/},

}


@article{tedrake2010lqr,
  title={LQR-trees: Feedback motion planning via sums-of-squares verification},
  author={Tedrake, Russ and Manchester, Ian R and Tobenkin, Mark and Roberts, John W},
  journal={The International Journal of Robotics Research},
  volume={29},
  number={8},
  pages={1038--1052},
  year={2010},
  publisher={SAGE Publications Sage UK: London, England}
}


@inproceedings{tedrake2009lqr,
  title={LQR-Trees:Feedback motion planning on sparse randomized trees},
  author={Tedrake, Russ},
  booktitle={In Proceedings of Robotics: Science and Systems},
  volume={1},
  pages={450--455},
  year={2009},
  publisher={MIT Press},
  address={Seattle, USA}
}

@article{enayati2016monte,
  title={Monte Carlo simulation method for behavior analysis of an autonomous underwater vehicle},
  author={Enayati, Javad and Sarhadi, Pouria and Rad, Morteza Poyan and Zarini, Mostafa},
  journal={Proceedings of the Institution of Mechanical Engineers, Part M: Journal of Engineering for the Maritime Environment},
  volume={230},
  number={3},
  pages={481--490},
  year={2016},
  publisher={SAGE Publications Sage UK: London, England}
}

@inproceedings{prestero2001development,
  title={Development of a six-degree of freedom simulation model for the REMUS autonomous underwater vehicle},
  author={Prestero, Timothy},
  booktitle={OCEANS},
  volume={1},
  pages={450--455},
  year={2001},
  publisher={IEEE},
  address={Honolulu, HI, USA}
}

@article{dhurandher2008uwsim,
  title={UWSim: A simulator for underwater sensor networks},
  author={Dhurandher, Sanjay K and Misra, Sudip and Obaidat, Mohammad S and Khairwal, Sushil},
  journal={Simulation},
  volume={84},
  number={7},
  pages={327--338},
  year={2008},
  publisher={Sage Publications Sage UK: London, England}
}

@inproceedings{rohmer2013vrep,
  title={V-REP: A versatile and scalable robot simulation framework},
  author={Rohmer, Eric and Singh, Surya PN and Freese, Marc},
  booktitle={Intelligent Robots and Systems (IROS), 2013 IEEE/RSJ International Conference on},
  pages={1321--1326},
  year={2013},
  publisher={IEEE},
  address={Tokyo},
}






///////////////////////////////////////////////////////////////////
// 推力分配与控制
@article{garus2014thrust,
  title={Thrust Allocation in Propulsion System of Underwater Robotic Vehicle via Linear Programming},
  author={Garus, Jerzy},
  journal={Solid State Phenomena},
  volume={210},
  pages={326-332},
  year={2014},
}

@article{dos2016bank,
  title={Bank of controllers and virtual thrusters for fault-tolerant control of autonomous underwater vehicles},
  author={dos Santos, Carlos Henrique Farias and Cardozo, Daisy Isabel Kang and Reginatto, Romeu and De Pieri, Edson Roberto},
  journal={Ocean Engineering},
  volume={121},
  pages={210--223},
  year={2016},
  publisher={Elsevier}
}




@article{wunl2011immune,
  title={基于人工免疫反馈的自治水下机器人推力器控制},
  author={吴乃龙 and 刘贵杰 and 李思乐 and 徐萌},
  journal={机械工程学报},
  volume={47},
  number={21},
  pages={22--27},
  year={2011},
  type = {J},

}

// bluerov
@Misc{ardupilot,
howpublished = {\url{http://ardupilot.org/ardupilot/}},
note = {Accessed 2016},
title = {ArduPilot Autopilot Suite},
author = {}
}

@Misc{ardusub,
howpublished = {\url{https://www.ardusub.com/}},
note = {Accessed 2017},
title = {ArduSub GitBook},
author = {}
}


@Misc{DNVStard,

howpublished = {\url{https://exchange.dnv.com/publishing/Codes/download.asp?url=2010-04/rp-h103.pdf}},
note = {Accessed 2010},
title = {Modelling and Analysis of Marine Operations},
author = {DNV-RP-H103}
}

///////////////////////////////////////////////////////////

@article{feng2016dissipativity,
  title={Dissipativity analysis for discrete singular systems with time-varying delay},
  author={Feng, Zhiguang and Li, Wenxing and Lam, James},
  journal={ISA transactions},
  volume={64},
  pages={86--91},
  year={2016},
  publisher={Elsevier}
}

@article{feng2015reachable,
  title={On reachable set estimation of singular systems},
  author={Feng, Zhiguang and Lam, James},
  journal={Automatica},
  volume={52},
  pages={146--153},
  year={2015},
  publisher={Elsevier}
}
