
@article{RuiYang_4,
   author = {Clement, Benoit and Rui, Yang and Mansour, Ali and Ming, Li},
   title = {A Modeling and Control approach for a cubic AUV},
   journal = {IFAC-PapersOnLine},
   volume = {49},
   number = {23},
   pages = {279-284},
   year = {2016},
   type = {Journal Article}
}

@phdthesis{HaugenMorten_5,
   author = {Haugen, Morten},
   title = {Modeling and Control of ROV Manipulator},
   university = {Institutt for marin teknikk},   
   url = {http://urn.kb.se/resolve?urn=urn:nbn:no:ntnu:diva-18614},
   year = {2012},
   type = {Thesis}
}

@phdthesis{PresteroTimothy_6,
   author = {Prestero, Timothy},
   title = {Verification of a six-degree of freedom simulation model for the REMUS autonomous underwater vehicle},
   university = {Massachusetts Institute of Technology and Woods Hole Oceanographic Institution},
   year = {2001},
   type = {Thesis}
}

@article{EvansJason_7,
   author = {Evans, Jason and Nahon, Meyer},
   title = {Dynamics modeling and performance evaluation of an autonomous underwater vehicle},
   journal = {Ocean Engineering},
   volume = {31},
   number = {14},
   pages = {1835-1858},
   year = {2004},
   type = {Journal Article}
}

@article{WuJia-ming_8,
   author = {Wu, Jia-ming and Cui, Yin and Deng, Wei and Wu, Li and Ma, Zhi-quan},
   title = {Hydrodynamic Characteristics of Tethered Underwater Robot Under Control Manipulations},
   journal = {Journal of South China University of Technology},
   volume = {40},
   number = {4},
   pages = {150-157},   
   DOI = {10.3969/j.issn.1000-565X.2012.04.024},
   url = {<Go to ISI>://INSPEC:13467854},
   year = {2012},
   type = {Journal Article}
}

@book{JonesDA_2002, Technology Organisation . Platforms Sciences and Brayshaw, I.B. and Barillon, J.L. and Anderson, B. and SCIENCE, DEFENCE and LAB., TECHNOLOGY ORGANIZATION VICTORIA PLATFORM SCIENCES_
9,
   author = {Jones, D.A. and Clarke, D.B. and Science, Defence and Laboratory, Technology Organisation . Platforms Sciences and Brayshaw, I.B. and Barillon, J.L. and Anderson, B. and SCIENCE, DEFENCE and LAB., TECHNOLOGY ORGANIZATION VICTORIA PLATFORM SCIENCES},
   title = {The Calculation of Hydrodynamic Coefficients for Underwater Vehicles},
   publisher = {DSTO Platforms Sciences Laboratory},
   note = {(Australia)},
   url = {https://books.google.co.jp/books?id=i8eUNAAACAAJ},
   year = {2002},
   type = {Book}
}

@article{Tang_10,
   author = {Tang, Sulin and Ura, Tamaki and Nakatani, Takeshi and Thornton, Blair and Jiang, Tao},
   title = {Estimation of the hydrodynamic coefficients of the complex-shaped autonomous underwater vehicle TUNA-SAND},
   journal = {Journal of Marine Science and Technology},
   volume = {14},
   number = {3},
   pages = {373-386},
   DOI = {10.1007/s00773-009-0055-4},
   year = {2009},
   type = {Journal Article}
}

@inproceedings{Wang_11,
   author = {Wang, ZY and Wang, GY and Hu, CL and Cui, ZY},
   title = {Numerical investigation on added mass and damping force coefficient of an underwater vehicle in cavitating flows},
   booktitle = {IOP Conference Series: Materials Science and Engineering},
   publisher = {IOP Publishing},
   volume = {72},
   pages = {062057},
   ISBN = {1757-899X},
   type = {Conference Proceedings}
}

@article{Perrault_12,
   author = {Perrault, Doug and Bose, Neil and O’Young, Siu and Williams, Christopher D},
   title = {Sensitivity of AUV added mass coefficients to variations in hull and control plane geometry},
   journal = {Ocean engineering},
   volume = {30},
   number = {5},
   pages = {645-671},
   year = {2003},
   type = {Journal Article}
}

@article{EngYou-Hong_13,
   author = {Eng, You-Hong and Chin, Cheng-Siong and Lau, Michael Wai-Shing},
   title = {Added mass computation for control of an open-frame remotely-operated vehicle: Application using WAMIT and MATLAB},
   journal = {Journal of Marine Science and Technology},
   volume = {22},
   number = {4},
   pages = {405-416},
   year = {2014},
   type = {Journal Article}
}

@inproceedings{GibsonScott_14,
   author = {Gibson, Scott B and McCarter, Brian and Stilwell, Daniel J and Neu, Wayne L},
   title = {A comparison of hydrodynamic damping models using least-squares and adaptive identifier methods for autonomous underwater vehicles},
   booktitle = {OCEANS 2015-MTS/IEEE Washington},
   publisher = {IEEE},
   pages = {1-7},
   type = {Conference Proceedings}
}

@inproceedings{Garus_15,
   author = {Garus, Jerzy},
   title = {Thrust Allocation in Propulsion System of Underwater Robotic Vehicle via Linear Programming},
   booktitle = {Solid State Phenomena},
   publisher = {Trans Tech Publ},
   volume = {210},
   pages = {326-332},
   ISBN = {3037859202},
   type = {Conference Proceedings}
}

@article{Muhammad_16,
   author = {Muhammad, N. and Strokina, N. and Toming, G. and Tuhtan, J. and Kamarainen, J. K. and Kruusmaa, M.},
   title = {Flow feature extraction for underwater robot localization: preliminary results},
   journal = {2015 IEEE International Conference on Robotics and Automation (ICRA). Proceedings},
   pages = {1125-1130},
   note = {Cited Reference Count: 24
   INSPEC:15278323
   2015 IEEE International Conference on Robotics and Automation (ICRA)
   26-30 May 2015
   Seattle, WA, USA
   1
   IEEE
   978-1-4799-6923-4},   
   DOI = {10.1109/icra.2015.7139317},
   url = {<Go to ISI>://INSPEC:15278323},
   year = {2015},
   type = {Journal Article}
}

@inproceedings{Bouffanais_17,
   author = {Bouffanais, Roland and Weymouth, Gabriel D and Yue, Dick KP},
   title = {Hydrodynamic object recognition using pressure sensing},
   booktitle = {Proceedings of the Royal Society of London A: Mathematical, Physical and Engineering Sciences},
   publisher = {The Royal Society},
   pages = {rspa20100095},
   ISBN = {1364-5021},
   type = {Conference Proceedings}
}

@article{Tagliaferri_18,
   author = {Tagliaferri, F and Viola, IM and Flay, RGJ},
   title = {Wind direction forecasting with artificial neural networks and support vector machines},
   journal = {Ocean Engineering},
   volume = {97},
   pages = {65-73},
   year = {2015},
   type = {Journal Article}
}

@inproceedings{Franosch_19,
   author = {Franosch, Jan-Moritz P and Sosnowski, Stefan and Chami, Nader Kuhenuri and Kühnlenz, Kolja and Hirche, Sandra and van Hemmen, J Leo},
   title = {Biomimetic lateral-line system for underwater vehicles},
   booktitle = {Sensors, 2010 IEEE},
   publisher = {IEEE},
   pages = {2212-2217},
   ISBN = {1424481708},
   type = {Conference Proceedings}
}

@article{Abdulsadda_20,
   author = {Abdulsadda, Ahmad T and Tan, Xiaobo},
   title = {An artificial lateral line system using IPMC sensor arrays},
   journal = {International Journal of Smart and Nano Materials},
   volume = {3},
   number = {3},
   pages = {226-242},
   year = {2012},
   type = {Journal Article}
}

@article{Yang_21,
   author = {Yang, Yingchen and Nguyen, Nam and Chen, Nannan and Lockwood, Michael and Tucker, Craig and Hu, Huan and Bleckmann, Horst and Liu, Chang and Jones, Douglas L},
   title = {Artificial lateral line with biomimetic neuromasts to emulate fish sensing},
   journal = {Bioinspiration $\&$ biomimetics},
   volume = {5},
   number = {1},
   pages = {016001},
   year = {2010},
   type = {Journal Article}
}

@inproceedings{Jung_22,
   author = {Jung, David S and Pott, Peter P and Salumäe, Taavi and Kruusmaa, Maarja},
   title = {Flow-aided path following of an underwater robot},
   booktitle = {Robotics and Automation (ICRA), 2013 IEEE International Conference on},
   publisher = {IEEE},
   pages = {4602-4607},
   ISBN = {1467356417},
   type = {Conference Proceedings}
}

@article{WuNL_23,
   author = {吴乃龙 and 吴超 and 葛彤 and 王涛 and 张亚},
   title = {{基于鱼类体线感知机理的水下机器人水流场识别研究}},
   journal = {{机械工程学报}},
   volume = {52},
   number = {13},
   pages = {54-59},
   year = {2016},
   type = {Journal Article}
}

@inproceedings{YangRui_24,
   author = {Yang, Rui and Clement, Benoit and Mansour, Ali and Li, HJ and Li, M and Wu, NL},
   title = {Modeling of a complex-shaped underwater vehicle},
   booktitle = {Autonomous Robot Systems and Competitions (ICARSC), 2014 IEEE International Conference on},
   publisher = {IEEE},
   pages = {36-41},
   type = {Conference Proceedings}
}

@article{YangRui_25,
   author = {Yang, Rui and Clement, Benoit and Mansour, Ali and Li, Ming and Wu, Nailong},
   title = {Modeling of a complex-shaped underwater vehicle for robust control scheme},
   journal = {Journal of Intelligent $\&$ Robotic Systems},
   volume = {80},
   number = {3-4},
   pages = {491-506},
   year = {2015},
   type = {Journal Article}
}

@inproceedings{YangRui_26,
   author = {Yang, Rui and Clement, Benoit and Mansour, Ali and Li, HJ and Li, Ming},
   title = {Robust heading control and its application to Ciscrea Underwater Vehicle},
   booktitle = {OCEANS 2015-Genova},
   publisher = {IEEE},
   pages = {1-6},
   type = {Conference Proceedings}
}

@article{Huang_27,
   author = {Huang, Gao and Huang, Guang-Bin and Song, Shiji and You, Keyou},
   title = {Trends in extreme learning machines: a review},
   journal = {Neural Networks},
   volume = {61},
   pages = {32-48},
   year = {2015},
   type = {Journal Article}
}

@inproceedings{DengXiuqin_28,
   author = {Deng, Xiuqin},
   title = {System identification based on particle swarm optimization algorithm},
   booktitle = {Computational Intelligence and Security, 2009. CIS'09. International Conference on},
   publisher = {IEEE},
   volume = {1},
   pages = {259-263},
   ISBN = {1424454115},
   type = {Conference Proceedings}
}

@article{KimSeungsu_29,
   author = {Kim, Seungsu and Billard, Aude},
   title = {Estimating the non-linear dynamics of free-flying objects},
   journal = {Robotics and Autonomous Systems},
   volume = {60},
   number = {9},
   pages = {1108-1122},
   year = {2012},
   type = {Journal Article}
}

@article{BaruchIeroham_30,
   author = {Baruch, Ieroham S and Mariaca‐Gaspar, Carlos R},
   title = {A levenberg–marquardt learning applied for recurrent neural identification and control of a wastewater treatment bioprocess},
   journal = {International Journal of Intelligent Systems},
   volume = {24},
   number = {11},
   pages = {1094-1114},
   year = {2009},
   type = {Journal Article}
}

@article{FengXia-Ting_31,
   author = {Feng, Xia-Ting and Chen, Bing-Rui and Yang, Chengxiang and Zhou, Hui and Ding, Xiuli},
   title = {Identification of visco-elastic models for rocks using genetic programming coupled with the modified particle swarm optimization algorithm},
   journal = {International Journal of Rock Mechanics and Mining Sciences},
   volume = {43},
   number = {5},
   pages = {789-801},
   year = {2006},
   type = {Journal Article}
}

@article{Luque_32,
   author = {Luque, Juan C Cutipa and Donha, Décio Crisol},
   title = {Auv identification and robust control},
   journal = {IFAC Proceedings Volumes},
   volume = {44},
   number = {1},
   pages = {14735-14741},
   year = {2011},
   type = {Journal Article}
}

@inproceedings{Hegrenaes_33,
   author = {Hegrenaes, Oyvind and Hallingstad, Oddvar and Jalving, Bjorn},
   title = {Comparison of mathematical models for the HUGIN 4500 AUV based on experimental data},
   booktitle = {2007 Symposium on Underwater Technology and Workshop on Scientific Use of Submarine Cables and Related Technologies},
   publisher = {IEEE},
   pages = {558-567},
   ISBN = {1424412072},
   type = {Conference Proceedings}
}

@inproceedings{HongEngYou_34,
   author = {Hong, Eng You and Meng, Teo Kwong and Chitre, Mandar},
   title = {Online system identification of the dynamics of an autonomous underwater vehicle},
   booktitle = {Underwater Technology Symposium (UT), 2013 IEEE International},
   publisher = {IEEE},
   pages = {1-10},
   ISBN = {1467359483},
   type = {Conference Proceedings}
}

@article{SabetMohammad_35,
   author = {Sabet, Mohammad Taghi and Sarhadi, Pouria and Zarini, Mostafa},
   title = {Extended and Unscented Kalman filters for parameter estimation of an autonomous underwater vehicle},
   journal = {Ocean Engineering},
   volume = {91},
   pages = {329-339},
   year = {2014},
   type = {Journal Article}
}

@article{WangXue-Gang_36,
   author = {Wang, Xue-Gang and Zou, Zao-Jian and Xu, Feng and Ren, Ru-Yi},
   title = {Sensitivity analysis and parametric identification for ship manoeuvring in 4 degrees of freedom},
   journal = {Journal of Marine Science and Technology},
   volume = {19},
   number = {4},
   pages = {394-405},
   year = {2014},
   type = {Journal Article}
}

@article{XuFeng_37,
   author = {Xu, Feng and Zou, Zao-Jian and Yin, Jian-Chuan and Cao, Jian},
   title = {Identification modeling of underwater vehicles' nonlinear dynamics based on support vector machines},
   journal = {Ocean Engineering},
   volume = {67},
   pages = {68-76},
   year = {2013},
   type = {Journal Article}
}

@article{ZhouShengxi_38,
   author = {Zhou, Shengxi and Cao, Junyi and Chen, Yangquan},
   title = {Genetic algorithm-based identification of fractional-order systems},
   journal = {Entropy},
   volume = {15},
   number = {5},
   pages = {1624-1642},
   year = {2013},
   type = {Journal Article}
}

@article{ChangWeiDer_39,
   author = {Chang, Wei-Der},
   title = {Nonlinear system identification and control using a real-coded genetic algorithm},
   journal = {Applied Mathematical Modelling},
   volume = {31},
   number = {3},
   pages = {541-550},
   year = {2007},
   type = {Journal Article}
}

@article{dosSantosCoelho_40,
   author = {dos Santos Coelho, Leandro and Bora, Teodoro Cardoso and Klein, Carlos Eduardo},
   title = {A genetic programming approach based on Lévy flight applied to nonlinear identification of a poppet valve},
   journal = {Applied Mathematical Modelling},
   volume = {38},
   number = {5},
   pages = {1729-1736},
   year = {2014},
   type = {Journal Article}
}

@article{dosSantosCoelho_41,
   author = {dos Santos Coelho, Leandro and Pessôa, Marcelo Wicthoff},
   title = {Nonlinear model identification of an experimental ball-and-tube system using a genetic programming approach},
   journal = {Mechanical Systems and Signal Processing},
   volume = {23},
   number = {5},
   pages = {1434-1446},
   year = {2009},
   type = {Journal Article}
}

@article{Gandomi_42,
   author = {Gandomi, Amir Hossein and Alavi, Amir Hossein},
   title = {A new multi-gene genetic programming approach to nonlinear system modeling. Part I: materials and structural engineering problems},
   journal = {Neural Computing and Applications},
   volume = {21},
   number = {1},
   pages = {171-187},
   year = {2012},
   type = {Journal Article}
}

@article{Gandomi_43,
   author = {Gandomi, Amir Hossein and Alavi, Amir Hossein},
   title = {A new multi-gene genetic programming approach to non-linear system modeling. Part II: geotechnical and earthquake engineering problems},
   journal = {Neural Computing and Applications},
   volume = {21},
   number = {1},
   pages = {189-201},
   year = {2012},
   type = {Journal Article}
}

@article{MenezesT_44,
   author = {Menezes, T. and Roth, C.},
   title = {Symbolic regression of generative network models},
   journal = {Sci Rep},
   volume = {4},
   pages = {6284},   
   DOI = {10.1038/srep06284},
   url = {http://www.ncbi.nlm.nih.gov/pubmed/25190000},
   year = {2014},
   type = {Journal Article}
}

@article{Schmidt_45,
   author = {Schmidt, Michael and Lipson, Hod},
   title = {Distilling free-form natural laws from experimental data},
   journal = {science},
   volume = {324},
   number = {5923},
   pages = {81-85},
   year = {2009},
   type = {Journal Article}
}

@article{Schwab_46,
   author = {Schwab, Ingo and Link, Norbert},
   title = {Learn More about Your Data: A Symbolic Regression Knowledge Representation Framework},
   year = {2012},
   type = {Journal Article}
}

@article{StoutemyerDavid_47,
   author = {Stoutemyer, David R},
   title = {Can the Eureqa Symbolic Regression Program, Computer Algebra, and Numerical Analysis Help Each Other},
   journal = {Notices AMS},
   volume = {60},
   pages = {713-724},
   year = {2013},
   type = {Journal Article}
}

@article{WuNaiLong_48,
   author = {Wu, Nai-Long and Wang, Xu-Yang and Ge, Tong and Wu, Chao and Yang, Rui},
   title = {Parametric identification and structure searching for underwater vehicle model using symbolic regression},
   journal = {Journal of Marine Science and Technology},
   pages = {1-10},
   type = {Journal Article}
}

@article{MorenoSalinas_49,
   author = {Moreno-Salinas, D and Besada-Portas, E and López-Orozco, JA and Chaos, D and de la Cruz, JM and Aranda, J},
   title = {Symbolic Regression for Marine Vehicles Identification},
   journal = {IFAC-PapersOnLine},
   volume = {48},
   number = {16},
   pages = {210-216},
   year = {2015},
   type = {Journal Article}
}

@inbook{SchmidtMichael_50,
   author = {Schmidt, Michael and Lipson, Hod},
   title = {Symbolic regression of implicit equations},
   booktitle = {Genetic Programming Theory and Practice VII},
   publisher = {Springer},
   pages = {73-85},
   year = {2010},
   type = {Book Section}
}

@misc{ShiShengDa_51,
   author = {施生达},
   title = {潜艇操纵性},
   publisher = {北京: 国防工业出版社},
   year = {1995},
   type = {Generic}
}

@book{YuanChuan_52,
   author = {元泉 and 潜艇 and 运义 and 志纯},
   title = {潜艇和深潜器的现代操纵理论与应用},
   publisher = {国防工业出版社},
   ISBN = {7118023280},
   year = {2001},
   type = {Book}
}

@inbook{LavretskyEugene_53,
   author = {Lavretsky, Eugene and Wise, Kevin A},
   title = {Robust Adaptive Control},
   booktitle = {Robust and Adaptive Control},
   publisher = {Springer},
   pages = {317-353},
   year = {2013},
   type = {Book Section}
}

@article{LavretskyEugene_54,
   author = {Lavretsky, Eugene and Gadient, Ross and Gregory, Irene M},
   title = {Predictor-based model reference adaptive control},
   journal = {Journal of guidance, control, and dynamics},
   volume = {33},
   number = {4},
   pages = {1195-1201},
   year = {2010},
   type = {Journal Article}
}

@inproceedings{GregoryIrene_55,
   author = {Gregory, Irene M and Xargay, Enric and Cao, Chengyu and Hovakimyan, Naira},
   title = {Flight test of L1 adaptive controller on the NASA AirSTAR flight test vehicle},
   booktitle = {AIAA Guidance, Navigation and Control Conference},
   volume = {10},
   pages = {6.2010-8015},
   type = {Conference Proceedings}
}

@inproceedings{HydeDavid_56,
   author = {Hyde, David C and Gadient, Ross and Lavretsky, Eugene},
   title = {Flight Testing the X-48B Angle-of-Attack and Sideslip Limiting System},
   booktitle = {Guidance, Navigation, and Control Conference, Portland, OR},
   type = {Conference Proceedings}
}

@article{DydekEugene_57,
   author = {Dydek, Zachary T and Annaswamy, Anuradha M and Lavretsky, Eugene},
   title = {Adaptive control of quadrotor UAVs in the presence of actuator uncertainties},
   journal = {AIAA Infotech@ Aerospace},
   pages = {20-22},
   year = {2010},
   type = {Journal Article}
}

@inproceedings{GibsonTravisLavretsky_58,
   author = {Gibson, Travis E and Annaswamy, Anuradha M and Lavretsky, Eugene},
   title = {Improved transient response in adaptive control using projection algorithms and closed loop reference models},
   booktitle = {Aiaa guidance navigation and control conference},
   type = {Conference Proceedings}
}

@inproceedings{GadientEugene_
59,
   author = {Gadient, Ross and Lavretsky, Eugene and Wise, Kevin},
   title = {Very flexible aircraft control challenge problem},
   booktitle = {Proceedings of the AIAA Guidance, Navigation, and Control Conference},
   type = {Conference Proceedings}
}

@article{GibsonLavretsky_60,
   author = {Gibson, Travis E and Annaswamy, Anuradha M and Lavretsky, Eugene},
   title = {Adaptive systems with closed-loop reference models: Stability, robustness and transient performance},
   journal = {arXiv preprint arXiv:1201.4897},
   year = {2012},
   type = {Journal Article}
}

@inbook{Kharisov_61,
   author = {Kharisov, Evgeny and Hovakimyan, Naira and Åström, Karl},
   title = {Comparison of Several Adaptive Controllers According to Their Robustness Metrics},
   booktitle = {AIAA Guidance, Navigation, and Control Conference},
   series = {Guidance, Navigation, and Control and Co-located Conferences},
   publisher = {American Institute of Aeronautics and Astronautics},
   note = {doi:10.2514/6.2010-8047},
   DOI = {doi:10.2514/6.2010-8047
10.2514/6.2010-8047},
   url = {http://dx.doi.org/10.2514/6.2010-8047},
   year = {2010},
   type = {Book Section}
}

@article{CaoChengyuHovakimyan_62,
   author = {Cao, Chengyu and Hovakimyan, Naira},
   title = {Design and analysis of a novel L1 adaptive control architecture with guaranteed transient performance},
   journal = {IEEE Transactions on Automatic Control},
   volume = {53},
   number = {2},
   pages = {586-591},
   year = {2008},
   type = {Journal Article}
}

@article{CaoChengyuHovakimyan_63,
   author = {Cao, Chengyu and Hovakimyan, Naira},
   title = {L1 adaptive controller for systems with unknown time-varying parameters and disturbances in the presence of non-zero trajectory initialization error},
   journal = {International Journal of Control},
   volume = {81},
   number = {7},
   pages = {1147-1161},
   year = {2008},
   type = {Journal Article}
}

@article{CaoChengyuHovakimyan_64,
   author = {Cao, Chengyu and Hovakimyan, Naira},
   title = {Stability margins of L1 adaptive control architecture},
   journal = {IEEE Transactions on Automatic Control},
   volume = {55},
   number = {2},
   pages = {480-487},
   year = {2010},
   type = {Journal Article}
}

@book{Hovakimyan_65,
   author = {Hovakimyan, Naira and Cao, Chengyu},
   title = {L1 adaptive control theory: guaranteed robustness with fast adaptation},
   publisher = {Siam},
   volume = {21},
   ISBN = {0898719372},
   year = {2010},
   type = {Book}
}

@inproceedings{CaoChengyuHovakimyan_66,
   author = {Cao, Chengyu and Hovakimyan, Naira},
   title = {Design and analysis of a novel L1 adaptive controller, Part I: Control signal and asymptotic stability},
   booktitle = {2006 American Control Conference},
   publisher = {IEEE},
   pages = {3397-3402},
   ISBN = {1424402093},
   type = {Conference Proceedings}
}

@inproceedings{CaoChengyuHovakimyan_67,
   author = {Cao, Chengyu and Hovakimyan, Naira},
   title = {Design and analysis of a novel l1 adaptive controller, part ii: Guaranteed transient performance},
   booktitle = {2006 American Control Conference},
   publisher = {IEEE},
   pages = {3403-3408},
   ISBN = {1424402093},
   type = {Conference Proceedings}
}

@inproceedings{ChengyuCaoHovakimyan_68,
   author = {Chengyu, Cao and Hovakimyan, N.},
   title = {L1 adaptive controller for a class of systems with unknown nonlinearities: Part I},
   booktitle = {2008 American Control Conference},
   pages = {4093-4098},   
   ISBN = {0743-1619},
   DOI = {10.1109/ACC.2008.4587134},
   type = {Conference Proceedings}
}

@inproceedings{CaoChengyuHovakimyan_69,
   author = {Cao, Chengyu and Hovakimyan, Naira},
   title = {L1 adaptive controller for nonlinear systems in the presence of unmodelled dynamics: Part II},
   booktitle = {American Control Conference},
   publisher = {IEEE Publ. Piscataway, NJ},
   pages = {4099-4104},
   type = {Conference Proceedings}
}

@article{Kaminer_70,
   author = {Kaminer, Isaac and Pascoal, António and Xargay, Enric and Hovakimyan, Naira and Cao, Chengyu and Dobrokhodov, Vladimir},
   title = {Path following for small unmanned aerial vehicles using L1 adaptive augmentation of commercial autopilots},
   journal = {Journal of guidance, control, and dynamics},
   volume = {33},
   number = {2},
   pages = {550-564},
   year = {2010},
   type = {Journal Article}
}

@techreport{Holhjem_71,
   author = {Holhjem, Øystein Hov},
   title = {L1 Adaptive Control of the Inner Control Loops of an F-16 Aircraft},
   institution = {Institutt for teknisk kybernetikk},
   url = {http://urn.kb.se/resolve?urn=urn:nbn:no:ntnu:diva-18478},
   year = {2012},
   type = {Report}
}

@book{Leman_72,
   author = {Leman, Tyler J and Xargay, Enric and Dullerud, Geir and Hovakimyan, Naira and Wendel, Thomas},
   title = {L1 adaptive control augmentation system for the X-48B aircraft},
   publisher = {University of Illinois},
   year = {2010},
   type = {Book}
}

@inproceedings{Dobrokhodov_73,
   author = {Dobrokhodov, Vladimir and Kitsios, Ioannis and Kaminer, Isaac and Jones, Kevin D and Xargay, Enric and Hovakimyan, Naira and Cao, Chengyu and Lizarraga, Mariano and Gregory, Irene M},
   title = {Flight validation of metrics driven L1 adaptive control},
   booktitle = {AIAA Guidance, Navigation and Control Conference and Exhibit},
   pages = {6987},
   type = {Conference Proceedings}
}

@inproceedings{WangJiangHovakimyan_74,
   author = {Wang, Jiang and Hovakimyan, Naira and Cao, Chengyu},
   title = {L1 adaptive augmentation of gain-scheduled controller for racetrack maneuver in aerial refueling},
   booktitle = {AIAA Guidance, Navigation, and Control Conference},
   volume = {5739},
   type = {Conference Proceedings}
}

@inproceedings{GregoryIrene_75,
   author = {Gregory, Irene M and Cao, Chengyu and Xargay, Enric and Hovakimyan, Naira and Zou, Xiaotian},
   title = {L1 adaptive control design for NASA AirSTAR flight test vehicle},
   booktitle = {AIAA guidance, navigation, and control conference},
   volume = {5738},
   type = {Conference Proceedings}
}

@inproceedings{Kitsios_76,
   author = {Kitsios, Ioannis and Dobrokhodov, Vladimir and Kaminer, Isaac and Jones, Kevin D and Xargay, Enric and Hovakimyan, Naira and Cao, Chengyu and Lizarraga, Mariano I and Gregory, Irene M and Nguyen, Nhan T},
   title = {Experimental Validation of a Metrics Driven L1 Adaptive Control in the Presence of General Unmodeled Dynamics},
   booktitle = {AIAA Guidance, Navigation, and Control Conference},
   volume = {6188},
   type = {Conference Proceedings}
}

@inproceedings{LiZhiyuanHovakimyan_77,
   author = {Li, Zhiyuan and Hovakimyan, Naira and Cao, Chengyu and Kaasa, Glenn-Ole},
   title = {Integrated estimator and L 1 adaptive controller for well drilling systems},
   booktitle = {2009 American Control Conference},
   publisher = {IEEE},
   pages = {1958-1963},
   ISBN = {142444523X},
   type = {Conference Proceedings}
}

@inproceedings{LeiYu_78,
   author = {Lei, Yu and Cao, Chengyu and Cliff, Eugene and Hovakimyan, Naira and Kurdila, Andy},
   title = {Design of an L1 adaptive controller for air-breathing hypersonic vehicle model in the presence of unmodeled dynamics},
   booktitle = {Proc. AIAA Guidance, Navigation and Control Conf},
   type = {Conference Proceedings}
}

@inproceedings{Guerreiro_79,
   author = {Guerreiro, Bruno J and Silvestre, Carlos and Cunha, Rita and Cao, Chengyu and Hovakimyan, Naira},
   title = {L 1 adaptive control for autonomous rotorcraft},
   booktitle = {2009 American Control Conference},
   publisher = {IEEE},
   pages = {3250-3255},
   ISBN = {142444523X},
   type = {Conference Proceedings}
}

@inproceedings{Wise_80,
   author = {Wise, K and Lavretsky, Eugene and Hovakimyan, Naira and Cao, Chengyu and Wang, Jiang},
   title = {Verifiable adaptive flight control: Ucav and aerial refueling},
   booktitle = {AIAA Guidance, Navigation, and Control Conference, AIAA},
   volume = {6658},
   type = {Conference Proceedings}
}

@inproceedings{WangJiang_81,
   author = {Wang, Jiang and Cao, Chengyu and Hovakimyan, Naira and Hindman, Richard and Ridgely, D Brett},
   title = {L1 adaptive controller for a missile longitudinal autopilot design},
   booktitle = {AIAA Guidance, Navigation and Control Conference},
   pages = {18-21},
   type = {Conference Proceedings}
}

@inproceedings{Aguiar_82,
   author = {Aguiar, A Pedro and Kaminer, Isaac and Ghabcheloo, Reza and Pascoal, António M and Xargay, Enric and Hovakimyan, Naira and Cao, Chengyu and Dobrokhodov, Vladimir},
   title = {Time-coordinated path following of multiple UAVs over time-varying networks using L1 adaptation},
   booktitle = {Proceedings of the AIAA Guidance, Navigation and Control Conference and Exhibit},
   type = {Conference Proceedings}
}

@inproceedings{Kharisov_83,
   author = {Kharisov, Evgeny and Gregory, Irene M and Cao, Chengyu and Hovakimyan, Naira},
   title = {L1 adaptive control law for flexible space launch vehicle and proposed plan for flight test validation},
   booktitle = {AIAA Guidance, Navigation and Control Conference},
   type = {Conference Proceedings}
}

@article{Santhakumar_84,
   author = {Santhakumar, Mohan and Kim, Jinwhan},
   title = {Robust adaptive tracking control of autonomous underwater vehicle-manipulator systems},
   journal = {Journal of Dynamic Systems, Measurement, and Control},
   volume = {136},
   number = {5},
   pages = {054502},
   year = {2014},
   type = {Journal Article}
}

@inproceedings{Valladarez_85,
   author = {Valladarez, LT Nicholas D and Du Toit, Noel E},
   title = {Robust adaptive control of Underwater Vehicles for precision operations},
   booktitle = {OCEANS 2015-MTS/IEEE Washington},
   publisher = {IEEE},
   pages = {1-7},
   type = {Conference Proceedings}
}

@phdthesis{ValladarezNicholas_86,
   author = {Valladarez, Nicholas D},
   title = {An adaptive approach for precise underwater vehicle control in combined robot-diver operations},
   university = {Monterey, California: Naval Postgraduate School},
   year = {2015},
   type = {Thesis}
}

@article{MaaloufDivine_87,
   author = {Maalouf, Divine and Chemori, Ahmed and Creuze, Vincent},
   title = {L1 Adaptive depth and pitch control of an underwater vehicle with real-time experiments},
   journal = {Ocean Engineering},
   volume = {98},
   pages = {66-77},
   year = {2015},
   type = {Journal Article}
}

@article{SarhadiPouria_88,
   author = {Sarhadi, Pouria and Ranjbar Noei, Abolfazl and Khosravi, Alireza},
   title = {L1 adaptive pitch control of an autonomous underwater vehicle},
   journal = {International Journal of Intelligent Unmanned Systems},
   volume = {2},
   number = {2},
   pages = {107-120},
   year = {2014},
   type = {Journal Article}
}

@inproceedings{MaaloufDivine_89,
   author = {Maalouf, Divine and Chemori, Ahmed and Creuze, Vincent},
   title = {L1 Adaptative control for small underwater vehicles},
   booktitle = {ICOURS'12: International Conference on Underwater Remote Sensing},
   type = {Conference Proceedings}
}

@inproceedings{MaaloufDivine_90,
   author = {Maalouf, Divine and Chemori, Ahmed and Creuze, Vincent},
   title = {A new extension of the L1 adaptive controller to drastically reduce the tracking time lags},
   booktitle = {NOLCOS'2013: 9th IFAC Symposium on Nonlinear Control Systems},
   pages = {001-006},
   type = {Conference Proceedings}
}

@inproceedings{MaaloufDivine_91,
   author = {Maalouf, Divine and Chemori, Ahmed and Creuze, Vincent},
   title = {Stability analysis of a new extended L 1 controller with experimental validation on an underwater vehicle},
   booktitle = {52nd IEEE Conference on Decision and Control},
   publisher = {IEEE},
   pages = {6149-6155},
   ISBN = {1467357146},
   type = {Conference Proceedings}
}

@inproceedings{Galeani_92,
   author = {Galeani, Sergio and Tarbouriech, Sophie and Turner, Matthew and Zaccarian, Luca},
   title = {A tutorial on modern anti-windup design},
   booktitle = {Control Conference (ECC), 2009 European},
   publisher = {IEEE},
   pages = {306-323},
   ISBN = {3952417394},
   type = {Conference Proceedings}
}

@article{Sofrony_93,
   author = {Sofrony, Jorge and Turner, Matthew C and Postlethwaite, Ian},
   title = {Anti-windup synthesis for systems with rate-limits using Riccati equations},
   journal = {International Journal of Control},
   volume = {83},
   number = {2},
   pages = {233-245},
   year = {2010},
   type = {Journal Article}
}
, 
@inproceedings{FolcherJP_94,
   author = {Folcher, J-P},
   title = {LMI-based anti-windup control for an underwater robot with propellers saturations},
   booktitle = {Control Applications, 2004. Proceedings of the 2004 IEEE International Conference on},
   publisher = {IEEE},
   volume = {1},
   pages = {32-37},
   ISBN = {0780386337},
   type = {Conference Proceedings}
}

@article{Karason_95,
   author = {Karason, Steingrimur Pall and Annaswamy, Anuradha M},
   title = {Adaptive control in the presence of input constraints},
   journal = {IEEE Transactions on Automatic Control},
   volume = {39},
   number = {11},
   pages = {2325-2330},
   year = {1994},
   type = {Journal Article}
}

@inproceedings{Kim_96,
   author = {Kim, Minsung and Joe, Hangil and Pyo, Juhyun and Kim, Jongkyoo and Kim, Hyosin and Yu, Son-cheol},
   title = {Variable-structure PID controller with anti-windup for autonomous underwater vehicle},
   booktitle = {2013 OCEANS-San Diego},
   publisher = {IEEE},
   pages = {1-5},
   ISBN = {0197-7385},
   type = {Conference Proceedings}
}

@article{SarhadiPouria_97,
   author = {Sarhadi, Pouria and Noei, Abolfazl Ranjbar and Khosravi, Alireza},
   title = {Adaptive\ mu-modification control for a nonlinear autonomous underwater vehicle in the presence of actuator saturation},
   journal = {International Journal of Dynamics and Control},
   pages = {1-8},
   year = {2016},
   type = {Journal Article}
}

@article{SarhadiPouria_98,
   author = {Sarhadi, Pouria and Noei, Abolfazl Ranjbar and Khosravi, Alireza},
   title = {Adaptive integral feedback controller for pitch and yaw channels of an AUV with actuator saturations},
   journal = {ISA transactions},
   volume = {65},
   pages = {284-295},
   year = {2016},
   type = {Journal Article}
}

@article{Sarhadi_99,
   author = {Sarhadi, P. and Noei, A. R. and Khosravi, A.},
   title = {Model reference adaptive PID control with anti-windup compensator for an autonomous underwater vehicle},
   journal = {Robotics and Autonomous Systems},
   volume = {83},
   pages = {87-93},     
   DOI = {10.1016/j.robot.2016.05.016},
   url = {<Go to ISI>://WOS:000382343800007},
   year = {2016},
   type = {Journal Article}
}

@article{SarhadiPouria_100,
   author = {Sarhadi, Pouria and Yousefpour, Samereh},
   title = {State of the art: hardware in the loop modeling and simulation with its applications in design, development and implementation of system and control software},
   journal = {International Journal of Dynamics and Control},
   volume = {3},
   number = {4},
   pages = {470-479},
   year = {2015},
   type = {Journal Article}
}

@article{SarhadiPouria_101,
   author = {Sarhadi, Pouria and Noei, Abolfazl Ranjbar and Khosravi, Alireza},
   title = {Model reference adaptive autopilot with anti-windup compensator for an autonomous underwater vehicle: Design and hardware in the loop implementation results},
   journal = {Applied Ocean Research},
   volume = {62},
   pages = {27-36},
   year = {2017},
   type = {Journal Article}
}

@article{Enayati_102,
   author = {Enayati, J. and Sarhadi, P. and Rad, M. P. and Zarini, M.},
   title = {Monte Carlo simulation method for behavior analysis of an autonomous underwater vehicle},
   journal = {Proceedings of the Institution of Mechanical Engineers, Part M: Journal of Engineering for the Maritime Environment},
   volume = {230},
   number = {3},
   pages = {481-490},
   DOI = {10.1177/1475090215590467},
   year = {2015},
   type = {Journal Article}
}

@article{Dhurandher_103,
   author = {Dhurandher, Sanjay K and Misra, Sudip and Obaidat, Mohammad S and Khairwal, Sushil},
   title = {UWSim: A simulator for underwater sensor networks},
   journal = {Simulation},
   volume = {84},
   number = {7},
   pages = {327-338},
   year = {2008},
   type = {Journal Article}
}

@inproceedings{RohmerEric_104,
   author = {Rohmer, Eric and Singh, Surya PN and Freese, Marc},
   title = {V-REP: A versatile and scalable robot simulation framework},
   booktitle = {2013 IEEE/RSJ International Conference on Intelligent Robots and Systems},
   publisher = {IEEE},
   pages = {1321-1326},
   ISBN = {2153-0858},
   type = {Conference Proceedings}
}


################################
@article{Stouffer11,
  title={Guide to industrial control systems (ICS) security},
  author={Stouffer, Keith and Falco, Joe and Scarfone, Karen},
  journal={NIST special publication},
  volume={800},
  number={82},
  pages={16--16},
  year={2011}
}

@book{Weiss10,
  title={Protecting industrial control systems from electronic threats},
  author={Weiss, Joseph},
  year={2010},
  publisher={Momentum Press}
}

@article{Hentea08,
   title={Improving security for SCADA control systems},
  author={Hentea, Mariana},
  journal={Interdisciplinary Journal of Information, Knowledge, and Management},
  volume={3},
  number={1},
  pages={73--86},
  year={2008}
}

@thesis{gervais12,
  author =       {Gervais A},
  title =        {Security analysis of industrial control systems},
  school =       {Aalto University-KTH Stockholm},
  year =         2012,
  language =     {english}
}

@article{Roberts08,
  title =        {Zotob, PnP Worms Slam 13 DaimlerChrysler Plants},
  author =       {Roberts, P. F.},
  year =         2008,
  url =          {http://www.eweek.com}
}

@article{Krebs08,
  title =        {Cyber Incident Blamed for Nuclear Power Plant Shutdown},
  author =       {Krebs, B.},
  year =         2008,
  url =          {http://www.washingtonpost.com}
}

@article{Grad10,
  title =        {Engineers who hacked into L.A. traffic signal computer, jamming streets, sentenced},
  author =       {Grad, S.},
  year =         2008,
  url =          {http://latimesblogs.latimes.com}
}

@article{Leall09,
  title =        {Lessons from an Insider Attack on SCADA Systems},
  author =       {Leall, N.},
  year =         2009,
  url =          {http://blogs.cisco.com/security/lessons_from_an_insider_attack_on_scada_systems/}
}

@article{Zetter10,
  title =        {Clues Suggest Stuxnet Virus Was Built for Subtle Nuclear Sabotage},
  author =       {Zetter, K.},
  year =         2010,
  url =          {http://www.wired.com/threatlevel/2010/11/stuxnet-clues/}
}

@article{Leyden08,
  title =        {Polish Teen Derails Tram after Hacking Train Network},
  author =       {Leyden, J.},
  year =         2008,
  url =          { http://www.theregister.co.uk/2008/01/11/tram_hack/}
}

@article{Meserve07,
  title =        {Sources: Staged Cyber Attack Reveals Vulnerability in Power Grid},
  author =       {Meserve, J.},
  year =         2007,
  url =          {http://articles.cnn.com/2007-09-26/us/power.at.risk_1_generator-cyber-attack-electric-infrastructure?_s=PM:US}
}

@article{Byres03,
   title={The myths and facts behind cyber security risks for industrial control systems},
  author={Byres, Eric and Lowe, Justin},
  booktitle={Proceedings of the VDE Kongress},
  volume={116},
  pages={213--218},
  year={2004}
}

@article{1Pietre11,
   title={Cybersecurity myths on power control systems: 21 misconceptions and false beliefs},
  author={Pietre-Cambac{\'e}des, Ludovic and Tritschler, Marc and Ericsson, G{\"o}ran N},
  journal={IEEE Transactions on Power Delivery},
  volume={26},
  number={1},
  pages={161--172},
  year={2011},
  publisher={IEEE}
}

@inproceedings{1McLaughlin09,
  title={Energy theft in the advanced metering infrastructure},
  author={McLaughlin, Stephen and Podkuiko, Dmitry and McDaniel, Patrick},
  booktitle={International Workshop on Critical Information Infrastructures Security},
  pages={176--187},
  year={2009},
  organization={Springer}
}

@inproceedings{1McLaughlin10,
  title={Multi-vendor penetration testing in the advanced metering infrastructure},
  author={McLaughlin, Stephen and Podkuiko, Dmitry and Miadzvezhanka, Sergei and Delozier, Adam and McDaniel, Patrick},
  booktitle={Proceedings of the 26th Annual Computer Security Applications Conference},
  pages={107--116},
  year={2010},
  organization={ACM}
}

@article{1Liu09,
    title={False data injection attacks against state estimation in electric power grids},
  author={Liu, Yao and Ning, Peng and Reiter, Michael K},
  journal={ACM Transactions on Information and System Security (TISSEC)},
  volume={14},
  number={1},
  pages={13},
  year={2011},
  publisher={ACM}
}

@inproceedings{Liu11,
  title={False data injection attacks against state estimation in wireless sensor networks},
  author={Mo, Yilin and Garone, Emanuele and Casavola, Alessandro and Sinopoli, Bruno},
  booktitle={49th IEEE Conference on Decision and Control (CDC)},
  pages={5967--5972},
  year={2010},
  organization={IEEE}
}

@article{Zonouz12,
   title={SCPSE: Security-oriented cyber-physical state estimation for power grid critical infrastructures},
  author={Zonouz, Saman and Rogers, Katherine M and Berthier, Robin and Bobba, Rakesh B and Sanders, William H and Overbye, Thomas J},
  journal={IEEE Transactions on Smart Grid},
  volume={3},
  number={4},
  pages={1790--1799},
  year={2012},
  publisher={IEEE}
}

@inproceedings{Liu092,
  title={Impacts of Malicious Data on Real-Time Price of Electricity Market Operations.},
  author={Jia, Liyan and Thomas, Robert J and Tong, Lang},
  booktitle={HICSS},
  pages={1907--1914},
  year={2012},
  organization={Citeseer}
}

@inproceedings{Teixeira12,
  title={Optimal power flow: Closing the loop over corrupted data},
  author={Teixeira, Andr{\'e} and Sandberg, Henrik and D{\'a}n, Gy{\"o}rgy and Johansson, Karl H},
  booktitle={2012 American Control Conference (ACC)},
  pages={3534--3540},
  year={2012},
  organization={IEEE}
}

@article{Xie11,
    title={Integrity data attacks in power market operations},
  author={Xie, Le and Mo, Yilin and Sinopoli, Bruno},
  journal={IEEE Transactions on Smart Grid},
  volume={2},
  number={4},
  pages={659--666},
  year={2011},
  publisher={IEEE}
}

@article{Meserve072,
  title =        {Mouse click could plunge city into darkness, experts say},
  author =       {Meserve, J.},
  year =         2007,
  url =          {http://www.cnn.com/}
}

@article{Kushner07,
  title =        {The real story of Stuxnet},
  author =       {D. Kushner},
  year =         2007,
  url =          {http://spectrum.ieee.org/telecom/security/the-real-story-of-stuxnet}
}

@article{Chen11,
  title={Lessons from stuxnet},
  author={Chen, Thomas M and Abu-Nimeh, Saeed},
  journal={Computer},
  volume={44},
  number={4},
  pages={91--93},
  year={2011},
  publisher={IEEE}
}

@inproceedings{Line14,
   title={Targeted attacks against industrial control systems: Is the power industry prepared?},
  author={Line, Maria B and Zand, Ali and Stringhini, Gianluca and Kemmerer, Richard},
  booktitle={Proceedings of the 2nd Workshop on Smart Energy Grid Security},
  pages={13--22},
  year={2014},
  organization={ACM}
}

@article{Miller15,
  title =        {Remote exploitation of an unaltered passenger vehicle},
  author =       {C. Miller and C. Valasek},
  year =         2015,
  url =          {https://www.defcon.org/html/defcon-23/dc-23-speakers.html#Miller}
}

@article{Thomas15,
  title =        {Hackers demo Jeep security hack},
  author =       {K. Thomas},
  year =         2015,
  url =          { http://www.welivesecurity.com/2015/07/22/hackers-demo-jeep-security-hack/}
}

@article{Byres09,
  title={Cyber security and the pipeline control system},
  author={Byres, Eric J and Eng, P},
  journal={Pipeline $\&$ Gas J},
  volume={236},
  number={2},
  pages={58--59},
  year={2009}
}

@inproceedings{Byres03,
    title={The myths and facts behind cyber security risks for industrial control systems},
  author={Byres, Eric and Lowe, Justin},
  booktitle={Proceedings of the VDE Kongress},
  volume={116},
  pages={213--218},
  year={2004}
}

@article{Pietre11,
 title={Cybersecurity myths on power control systems: 21 misconceptions and false beliefs},
  author={Pietre-Cambac{\'e}des, Ludovic and Tritschler, Marc and Ericsson, G{\"o}ran N},
  journal={IEEE Transactions on Power Delivery},
  volume={26},
  number={1},
  pages={161--172},
  year={2011},
  publisher={IEEE}
}

@article{Weiss09,
  title={Are the NERC CIPS making the grid less reliable},
  author={Weiss, Joe},
  journal={Control Global},
  year={2009}
}

@article{Beresford11,
    title={Exploiting Siemens Simatic S7 PLCs},
  author={Beresford, Dillon},
  journal={Black Hat USA},
  year={2011}
}

@article{Newman11,
  title={SCADA \& PLC vulnerabilities in correctional facilities},
  author={Newman, Teague and Rad, Tiffany and ELCnetworks, LLC and Strauchs, John and Strauchs, LLC},
  journal={Core Security},
  year={2011}
}

@article{Blumsack12,
   title={Ready or not, here comes the smart grid!},
  author={Blumsack, Seth and Fernandez, Alisha},
  journal={Energy},
  volume={37},
  number={1},
  pages={61--68},
  year={2012},
  publisher={Elsevier}
}

@article{King01,
   title={The economics of real-time and time-of-use pricing for residential consumers},
  author={King, Chris S},
  journal={American Energy Institute, Tech. Rep},
  year={2001}
}

@inproceedings{McLaughlin092,
   title={Energy theft in the advanced metering infrastructure},
  author={McLaughlin, Stephen and Podkuiko, Dmitry and McDaniel, Patrick},
  booktitle={International Workshop on Critical Information Infrastructures Security},
  pages={176--187},
  year={2009},
  organization={Springer}
}

@inproceedings{McLaughlin102,
   title={Multi-vendor penetration testing in the advanced metering infrastructure},
  author={McLaughlin, Stephen and Podkuiko, Dmitry and Miadzvezhanka, Sergei and Delozier, Adam and McDaniel, Patrick},
  booktitle={Proceedings of the 26th Annual Computer Security Applications Conference},
  pages={107--116},
  year={2010},
  organization={ACM}
}

@article{Duqu11,
  title =        {Duqu: A Stuxnet-like malware found in the wild},
  author =       {Laboratory of Cryptography and System Security (CrySyS)},
  year =         2011,
  institution =  {Budapest Univ. Technol. Econ. and Budapest and Hungary}
}

@inproceedings{McLaughlin112,
  title={On Dynamic Malware Payloads Aimed at Programmable Logic Controllers.},
  author={McLaughlin, Stephen E},
  booktitle={HotSec},
  year={2011}
}

@inproceedings{Chevillat08,
  title={Model-based generation of interlocking controller software from control tables},
  author={Chevillat, C{\'e}dric and Carrington, David and Strooper, Paul and S{\"u}{\ss}, J{\"o}rn Guy and Wildman, Luke},
  booktitle={European Conference on Model Driven Architecture-Foundations and Applications},
  pages={349--360},
  year={2008},
  organization={Springer}
}

@article{PROFIBUS10,
  title =        {IMS research estimates top position for PROFINET},
  author =       {PROFIBUS},
  year =         2010,
  url =  {http://www.profibus.com/newspress/detail-view/article/ims-research-est imates-top-position-for-profinet/}
}

@inproceedings{Liu10,
  title={False data injection attacks in control systems},
  author={Mo, Yilin and Sinopoli, Bruno},
  booktitle={Preprints of the 1st workshop on Secure Control Systems},
  pages={1--6},
  year={2010}
}

@inproceedings{mclaughlinS2014,
   title={Controller-aware false data injection against programmable logic controllers},
  author={McLaughlin, Stephen and Zonouz, Saman},
  booktitle={Smart Grid Communications (SmartGridComm), 2014 IEEE International Conference on},
  pages={848--853},
  year={2014},
  organization={IEEE}
}

@inproceedings{pang2015,
   title={False data injection attacks for output tracking control systems},
  author={Zhonghua, Pang and Fangyuan, Hou and Yuguo, Zhou and Dehui, Sun},
  booktitle={Control Conference (CCC), 2015 34th Chinese},
  pages={6747--6752},
  year={2015},
  organization={IEEE}
}

@article{roth2012,
  title={Fault detection and isolation in manufacturing systems with an identified discrete event model},
  author={Roth, Matthias and Schneider, Stefan and Lesage, Jean-Jacques and Litz, Lothar},
  journal={International Journal of Systems Science},
  volume={43},
  number={10},
  pages={1826--1841},
  year={2012},
  publisher={Taylor \& Francis}
}

@article{garcia2012,
    title={Fault detection and isolation in transient states using principal component analysis},
  author={Garcia-Alvarez, D and Fuente, MJ and Sainz, GI},
  journal={Journal of Process Control},
  volume={22},
  number={3},
  pages={551--563},
  year={2012},
  publisher={Elsevier}
}

@article{klein2005,
  title={Fault detection of discrete event systems using an identification approach},
  author={Klein, St{\'e}phane and Litz, Lothar and Lesage, Jean-Jacques},
  journal={IFAC Proceedings Volumes},
  volume={38},
  number={1},
  pages={92--97},
  year={2005},
  publisher={Elsevier}
}

@article{Abadi09,
  title={Control-flow integrity principles, implementations, and applications},
  author={Abadi, Mart{\'\i}n and Budiu, Mihai and Erlingsson, {\'U}lfar and Ligatti, Jay},
  journal={ACM Transactions on Information and System Security (TISSEC)},
  volume={13},
  number={1},
  pages={4},
  year={2009},
  publisher={ACM}
}

@inproceedings{xiao2016construction,
  title={Construction of false sequence attack against PLC based power control system},
  author={Xiao, Min and Wu, Jing and Long, Chengnian and Li, Shaoyuan},
  booktitle={Control Conference (CCC), 2016 35th Chinese},
  pages={10090--10095},
  year={2016},
  organization={TCCT}
}

//@inproceedings{TSV2014,
   title={A Trusted Safety Verifier for Process Controller Code.},
  author={McLaughlin, Stephen E and Zonouz, Saman A and Pohly, Devin J and McDaniel, Patrick Drew},
  booktitle={NDSS},
  year={2014}
}
@inproceedings{McLaughlin13,
   title={Cps: Stateful policy enforcement for control system device usage},
  author={McLaughlin, Stephen},
  booktitle={Proceedings of the 29th Annual Computer Security Applications Conference},
  pages={109--118},
  year={2013},
  organization={ACM}
}

@article{Zonouz2014,
 title={Detecting industrial control malware using automated PLC code analytics},
  author={Zonouz, Saman and Rrushi, Julian and McLaughlin, Stephen},
  journal={IEEE Security \& Privacy},
  volume={12},
  number={6},
  pages={40--47},
  year={2014},
  publisher={IEEE}
}

@inproceedings{Sandberg10,
  title={On security indices for state estimators in power networks},
  author={Sandberg, Henrik and Teixeira, Andr{\'e} and Johansson, Karl H},
  booktitle={First Workshop on Secure Control Systems (SCS), Stockholm, 2010},
  year={2010}
}

@inproceedings{wang2014,
  title={SRID: State Relation Based Intrusion Detection for False Data Injection Attacks in SCADA},
  author={Wang, Yong and Xu, Zhaoyan and Zhang, Jialong and Xu, Lei and Wang, Haopei and Gu, Guofei},
  booktitle={European Symposium on Research in Computer Security},
  pages={401--418},
  year={2014},
  organization={Springer}
}

@article{Thorsley2014,
 title={Prospecting for new questions: integrating geophysics to define anthropological research objectives and inform excavation strategies at monumental sites},
  author={Horsley, Timothy and Wright, Alice and Barrier, Casey},
  journal={Archaeological Prospection},
  volume={21},
  number={1},
  pages={75--86},
  year={2014},
  publisher={Wiley Online Library}
}

@article{liu2014,
   title={Detecting false data injection attacks on power grid by sparse optimization},
  author={Liu, Lanchao and Esmalifalak, Mohammad and Ding, Qifeng and Emesih, Valentine A and Han, Zhu},
  journal={IEEE Transactions on Smart Grid},
  volume={5},
  number={2},
  pages={612--621},
  year={2014},
  publisher={IEEE}
}

@article{klein2005fault,
  title={Fault detection of discrete event systems using an identification approach},
  author={Klein, St{\'e}phane and Litz, Lothar and Lesage, Jean-Jacques},
  journal={IFAC Proceedings Volumes},
  volume={38},
  number={1},
  pages={92--97},
  year={2005},
  publisher={Elsevier}
}

